2356 3818
354 250 357 255 4
394 170 669 223 ELEMEN'PORUM
687 172 797 223 LIBER
813 173 835 224 I.
1078 170 1121 236 39

111 316 266 402 effecerit,
299 286 461 392 aulduos
491 288 597 381 reelos
622 317 680 380 aul
701 314 828 380 duobus
850 315 947 380 raetis
972 316 1123 399 aequales

112 426 248 509 angulos
271 422 404 505 efficiet3
426 421 513 506 quod
535 424 606 486 erat
629 420 925 486 demonstrandum.

570 596 657 663 XIV.

176 705 210 772 Si
232 706 314 771 duae
338 709 445 770 rectae
469 705 510 768 ad
528 707 651 768 rectam
670 704 812 788 aliquam
830 707 863 769 el
878 707 1036 788 punctum
1052 704 1121 768 eius

107 834 175 877 non
198 815 232 878 in
255 812 367 878 eadem
389 813 483 896 parte
506 809 632 895 positae
661 811 798 893 angulos
821 810 973 894 deinceps
997 810 1121 894 positus

108 919 233 985 duobus
256 920 354 986 rectis
375 918 524 1003 aequales
540 917 713 1000 effecerint,
736 916 771 980 in
790 916 902 981 eadem
921 919 1016 980 erunt
1034 916 1121 980 linea

109 1029 209 1090 reela.

175 1129 260 1196 Nam
289 1131 329 1196 ad
352 1135 475 1196 rectam
503 1130 646 1214 aliquam
670 1133 735 1193 AB
763 1132 796 1192 et
818 1133 975 1212 punctum
999 1127 1068 1192 eius
1092 1132 1120 1192 B

192 1269 256 1323 A·
481 1236 563 1300 duae
590 1239 699 1300 rectae
722 1237 793 1317 ΒΓ,
816 1239 885 1299 ΒΔ
910 1257 977 1301 nen
1004 1235 1040 1299 in
1069 1255 1120 1298 ea·

279 1281 408 1521 st
481 1342 554 1407 dem
568 1345 661 1426 parte
675 1343 803 1426 positae
819 1343 957 1426 angulos
969 1341 1120 1424 deinceps

262 1450 272 1530 l
480 1449 605 1533 positos
624 1450 738 1533 ΑΒΓ,
751 1452 856 1513 ΑΒΔ
875 1448 999 1513 duobus
1022 1446 1120 1513 rectis

117 1537 155 1594 Γ
249 1541 283 1600 B
413 1540 443 1594 Δ
482 1556 631 1639 aequales
664 1555 816 1620 efficiant.
871 1555 956 1638 dieo,
993 1557 1054 1618 ΓΒ
1088 1557 1120 1617 et

107 1665 177 1725 BA
201 1659 236 1747 in
260 1660 370 1726 eadem
394 1665 481 1727 reeta
504 1683 582 1726 esse.

172 1788 250 1831 nam
274 1766 301 1832 si
325 1770 391 1831 ΒΓ
410 1770 442 1832 et
465 1772 532 1832 ΒΔ
553 1790 619 1833 non
643 1771 721 1832 sunl
745 1767 779 1830 in
803 1766 913 1831 eadem
936 1768 1034 1849 reela,
1057 1768 1118 1830 ΓΒ

107 1875 140 1937 et
162 1877 228 1938 ΒΕ
248 1874 284 1938 in
306 1873 418 1939 eadem
441 1877 532 1938 reeta
555 1874 630 1938 sint.

171 1979 236 2044 iam
259 1981 414 2065 quoniam
437 1981 526 2044 recta
549 1983 613 2043 AB
638 1979 879 2066 supersectam
897 1980 997 2042 ΓΒΕ
1013 1983 1120 2044 erecta

106 2086 168 2168 est,
201 2087 404 2166 [ΑΒΓ-4·
420 2088 524 2148 ΑΒΕ
561 2083 686 2148 duobus
723 2082 820 2147 rectis
857 2085 1004 2168 aequales
1043 2090 1119 2153 suut

106 2191 322 2275 [prop.XIlI].
347 2211 462 2254 uerum
485 2189 583 2254 etiam
606 2192 761 2271 ΑΒΓ-Ι-
778 2193 882 2253 ΑΒΔ
905 2190 1029 2257 duobus
1053 2215 1118 2259 ree·
1170 2249 1173 2254 .

103 2297 146 2361 tis
170 2299 320 2383 aequales
345 2298 430 2361 sunt.
485 2295 597 2381 itaque
619 2299 718 2361 ΓΒΑ
734 2299 774 2378 -l-
790 2301 893 2362 ABE
905 2328 946 2350 =
962 2302 1060 2364 ΓΒΑ
1076 2303 1116 2383 -Ι-

103 2408 209 2468 ΑΒΔ
242 2401 282 2490 [κ.
315 2405 382 2469 ἒνν.
413 2403 455 2484 ll.
502 2404 727 2488 subtrahatur,
759 2403 814 2490 qui
846 2405 1026 2469 eommunis
1060 2409 1118 2491 est,

103 2513 125 2583 L
144 2511 254 2577 ΓΒΑ.
299 2509 409 2592 itaque
432 2515 454 2585 L
476 2513 581 2590 ABE
593 2541 635 2563 =
649 2515 756 2576 ΑΒΔ
779 2512 822 2591 [κ.
852 2512 919 2575 ἔνν.
944 2511 989 2594 3],
1011 2512 1118 2577 minor

102 2613 232 2696 maiori3
257 2614 342 2697 quod
364 2615 436 2680 fieri
453 2638 522 2681 neu
544 2619 661 2700 polest.
702 2636 801 2701 quare
824 2620 889 2680 ΒΕ
911 2619 944 2680 elz
965 2619 1027 2681 ΓΒ
1049 2639 1118 2683 non

102 2723 179 2786 sunt
206 2718 241 2784 in
271 2720 382 2785 eadem
411 2725 508 2788 reela.
551 2722 700 2787 similiter
725 2722 812 2788 idem
840 2721 879 2786 de
908 2723 1022 2807 quauis
1053 2725 1117 2789 alia

101 2830 191 2892 reela
213 2829 342 2911 praeter
365 2832 433 2892 BA
456 2828 758 2894 demonstrabimus.
794 2828 902 2912 itaque
926 2832 987 2894 ΓΒ
1002 2834 1035 2894 et
1048 2835 1116 2896 ΒΔ

103 2932 139 2995 in
162 2933 274 2999 eadem
296 2937 386 3000 reeta
404 2938 489 3001 sunt.

172 3107 246 3163 XIV.
266 3109 391 3178 simplic.
411 3110 448 3163 ad
466 3107 551 3163 Arist.
572 3108 606 3163 de
625 3108 842 3164 eoel.fol.131'.
861 3107 973 3179 Philop.
988 3110 1024 3164 ad
1039 3112 1114 3167 anal.

101 3176 128 3230 11
144 3178 192 3234 fol.
208 3185 248 3234 4V.
285 3179 401 3235 Boelius
419 3199 446 3249 p.
461 3185 522 3246 381,
534 3186 575 3234 11.

101 3301 165 3369 ΡΕ;
186 3301 243 3358 εἰσί
258 3304 353 3374 uulgo.
412 3300 494 3372 κοινή
510 3336 544 3344 -
559 3310 602 3362 21.
620 3307 652 3359 τ’
673 3299 744 3375 ὑπό]
762 3303 792 3358 in
810 3321 863 3360 ras.
882 3305 913 3358 in
929 3322 1037 3360 summa
1050 3321 1115 3378 pag.

102 3375 136 3431 V.
209 3381 252 3430 21.
280 3375 376 3447 λοιπῇ]
395 3377 438 3429 λοι
457 3374 492 3431 V.
564 3381 607 3430 22.
643 3372 750 3430 idaeae
769 3373 799 3429 Γ.
863 3381 905 3430 23.
926 3376 991 3446 ΓΒ]
1009 3378 1063 3429 ΒΓ
1084 3377 1120 3444 P,

101 3446 131 3501 el
149 3445 175 3499 V
194 3445 244 3500 sed
262 3462 332 3502 corr.
418 3451 461 3501 24.
481 3441 545 3502 οὐδ’
565 3465 595 3519 p.
678 3451 727 3503 2ῑ).
743 3445 947 3517 aqlssqximun
959 3443 1141 3496 naamam.

99 3515 128 3570 in
147 3514 179 3583 V,
200 3516 251 3586 τῆς
268 3533 358 3590 eomp.
379 3516 408 3578 b.
