2356 3818
103 158 145 223 58
483 160 684 213 ΣΤΟΙΧΕΙΩΝ
702 157 742 214 α’.

102 299 163 389 ράς
189 298 247 381 τάς
270 308 351 387 ΑΒ,
374 307 444 369 ΑΓ
466 316 538 382 ταῖς
567 300 630 370 δύο
661 309 818 391 πλευραῖς
846 315 918 382 ταῖς
941 308 1024 387 ΔΕ,
1051 309 1117 368 ΔΖ

103 413 178 485 ίσας
205 411 323 494 ἔχοντα
352 408 511 496 ἑκατέραν
540 407 692 498 ἑκατέρη,
720 404 782 494 τὴν
811 406 874 494 μὲν
897 414 962 475 ΑΒ
985 411 1025 496 τῇ
1050 416 1120 475 AE

102 509 165 598 την
189 511 223 580 δὲ
246 518 368 604 ΑΓτῇ
389 522 467 602 ΔΖ,
490 512 511 600 ἡ
536 513 574 582 δὲ
596 513 680 603 πρὸς
702 517 748 608 τῷ
767 522 800 581 Α
823 519 930 599 γωνία
952 517 1011 600 της
1034 513 1118 603 πρὸς

101 622 147 710 τῷ
168 628 200 686 A
218 625 342 705 γωνίας
365 625 485 707 μείζων
509 625 605 688 ἔστω·
629 621 725 706 λέγω,
750 618 802 688 ὅτι
824 620 880 688 καὶ
900 619 1000 706 ’βάσις
1018 618 1039 706 ἡ
1054 625 1122 688 ΒΓ

70 737 86 788 ⁶
106 723 235 810 βάσεως
256 730 315 813 της
338 735 400 794 ΕΖ
424 733 544 813 μείζων
568 728 667 795 ἐστίν.

165 829 255 899 Ἐπεὶ
286 830 350 921 γάρ
381 839 501 920 μείζων
531 830 552 919 ἡ
585 831 650 901 ὑπὸ
684 838 793 900 ΒΑΓ
819 837 926 919 γωνία
958 836 1017 917 της
1049 829 1115 900 ὑπὸ

102 945 204 1015 ΕΔΖ
226 944 361 1025 γωνίας,
384 938 575 1006 συνεστάτω
598 938 682 1024 πρὸς
704 942 743 1026 τῇ
766 946 836 1006 ΔΕ
853 935 971 1028 εὐθείᾳ
992 938 1048 1006 καὶ
1071 942 1116 1030 τῷ

101 1042 186 1131 πρὸς
213 1043 296 1133 αὐτῇ
326 1051 449 1136 σημείῳ
478 1047 523 1135 τῷ
548 1053 581 1113 A
608 1049 648 1133 τῇ
671 1041 737 1112 ὑπὸ
763 1050 866 1112 ΒΑΓ
884 1049 992 1134 γωνίᾳ
1016 1042 1116 1131 ίσηὴ

101 1145 168 1216 ὑπὸ
195 1157 312 1236 ΕΔΗ,
340 1151 397 1218 καὶ
420 1156 546 1218 κείσθω
571 1147 715 1240 ὁποτέρα
736 1154 805 1218 τάν
828 1157 902 1235 ΑΓ,
927 1158 992 1216 AZ
1016 1158 1071 1235 ίση
1096 1148 1117 1236 ἡ

54 1270 88 1321 10
107 1262 190 1340 AH,
212 1257 269 1323 καὶ
293 1255 545 1344 ἐπεζεύχθωσαν
568 1259 606 1322 αί
627 1262 706 1341 ΕΗ,
730 1263 805 1325 ΖΗ.

166 1358 255 1428 Ἐπεὶ
279 1354 343 1430 οὖν
367 1372 422 1448 ίση
447 1363 539 1430 ἐστὶν
560 1359 581 1447 ἡ
605 1360 666 1448 μὲν
691 1369 757 1429 ΑΒ
780 1367 821 1451 τῇ
846 1369 923 1446 ΔΕ,
945 1358 966 1447 ἡ
991 1360 1029 1428 δὲ
1053 1367 1121 1429 ΑΓ

102 1470 142 1555 τῇ
163 1474 245 1553 ΔΗ,
270 1467 332 1535 δύο
357 1466 399 1554 δὴ
423 1471 461 1535 αι’
477 1475 554 1553 ΒΑ,
578 1473 648 1535 ΑΓ
662 1468 741 1535 δυσὶ
764 1480 836 1547 ταῖς
854 1474 932 1554 ΕΔ,
955 1473 1034 1533 AH
1048 1475 1117 1535 ίσαι

107 1571 194 1639 εἰσὶν
210 1568 348 1662 ἕαατέρα
372 1575 520 1664 ἑκατέρη·
544 1574 600 1641 καὶ
626 1580 733 1660 γωνία
755 1571 776 1659 ἡ
800 1570 866 1641 ὑπὸ
891 1579 997 1641 ΒΑΓ
1010 1580 1119 1663 γωνίᾳ

103 1680 143 1766 τῇ
175 1675 241 1746 ὑπὸ
265 1686 379 1748 ΕΔΗ
408 1689 478 1766 ίση·
515 1680 614 1767 βάσις
641 1679 708 1768 ἄρα
734 1678 755 1766 ἡ
779 1686 847 1748 ΒΓ
865 1678 962 1765 βάσει
984 1684 1024 1768 τῇ
1049 1687 1124 1748 ΕΗ

51 1799 84 1850 15
104 1787 194 1853 ἐστιν
218 1793 282 1871 ίση.
330 1785 444 1873 πάλιν,
469 1787 538 1855 ἐπεὶ
562 1795 617 1872 ίση
642 1786 733 1854 ἐστὶν
756 1783 777 1874 ἡ
802 1794 835 1852 A
841 1792 869 1852 Z
890 1790 929 1874 τῇ
954 1793 1038 1871 ΔΗ,
1062 1795 1117 1872 ίση

103 1891 171 1977 ἐστὶ
200 1892 257 1959 καὶ
284 1889 305 1978 η
329 1889 394 1961 ὑπὸ
419 1900 496 1960 ΔΗ
498 1901 525 1960 Ζ
552 1899 658 1980 γωνία
688 1894 727 1980 τη
751 1888 817 1960 ὑπὸ
842 1899 961 1959 ΔΖΗ·
998 1898 1118 1979 μείζων

103 1995 169 2086 άρα
191 1995 212 2084 η
234 1995 301 2066 ὑπὸ
327 2004 438 2065 AZH
455 2002 513 2086 τῆς
535 1996 600 2067 ὑπὸ
626 2005 743 2066 ΕΗΖ·
771 2001 884 2091 πολλῷ
908 1997 974 2086 ἄρα
998 2003 1118 2083 μείζων

104 2105 194 2171 ἐστίν
220 2102 241 2189 ἡ
270 2102 336 2172 ὑπὸ
360 2112 465 2172 ΕΖΗ
487 2109 546 2191 τῆς
568 2102 634 2172 ὑπὸ
659 2112 771 2173 ΕΗΖ.
825 2105 881 2172 καὶ
906 2105 974 2173 ἐπεὶ
1003 2110 1118 2190 τρίγω-

103 2208 166 2277 νόν
194 2213 262 2277 ἐστι
290 2209 327 2278 τὸ
352 2218 459 2278 ΕΖΗ
482 2217 616 2298 μείζονα
648 2216 725 2298 ἔχον
753 2209 815 2298 τὴν
838 2208 903 2279 ὑπὸ
928 2217 1035 2277 ΕΖΗ
1055 2236 1119 2295 γω-

52 2330 86 2379 20
105 2321 183 2383 νίαν
210 2320 268 2401 τῆς
296 2313 361 2383 ὑπὸ
387 2324 506 2402 ΕΗΖ,
534 2314 599 2384 ὑπὸ
630 2316 668 2384 δὲ
695 2314 756 2403 τὴν
787 2322 922 2403 μείζονα
945 2320 1072 2401 γωνίαν
1096 2312 1117 2401 ἡ

104 2427 223 2508 μείζων
256 2420 383 2510 πλευρά
410 2420 593 2507 ὑποτείνει,
625 2427 745 2508 μείζων
773 2420 840 2508 άρα
867 2422 924 2489 καὶ
946 2418 1117 2508 πλευράἡ

105 2534 179 2595 ΕΗ
195 2532 255 2615 τῆς
277 2535 349 2596 ΕΖ.
391 2537 445 2615 ίση
471 2527 509 2597 δὲ
531 2525 552 2613 ἡ
576 2534 650 2595 ΕΗ
667 2531 707 2616 τῇ
732 2533 806 2595 ΒΓ·
829 2532 949 2614 μείζων
973 2525 1039 2613 άρα
1062 2525 1119 2593 καὶ

105 2632 216 2719 ἡεΓ
234 2638 292 2721 της
315 2641 388 2703 απ.

169 2738 248 2808 Ἐάν
281 2740 347 2826 άρα
385 2739 448 2810 δύο
482 2746 629 2828 τρίγωνα
661 2739 722 2819 τὰς
758 2739 821 2808 δύο
858 2747 1002 2826 πλευρας
1041 2739 1119 2806 δυσὶ

52 2859 87 2909 215
105 2854 263 2931 πλευραῖς
290 2854 365 2927 ίσας
392 2852 449 2935 ἔχη
480 2846 639 2934 ἑκατέραν
663 2846 815 2934 ἑκατέρα,
845 2843 907 2930 τὴν
931 2843 969 2912 δὲ
991 2850 1120 2931 γωνίαν

105 2956 163 3039 της
190 2959 314 3038 γωνίας
340 2958 475 3041 μείζονα
504 2957 560 3039 ἔχη
589 2949 650 3037 τὴν
678 2949 745 3019 ὑπὸ
775 2954 843 3020 τῶν
867 2959 950 3018 ίσων
974 2948 1121 3018 εὐθειῶν

107 3058 356 3146 περιεχομένην,
380 3057 435 3124 καί
454 3056 516 3142 τὴν
536 3056 638 3142 βάσιν
656 3060 716 3142 τῆς
733 3056 862 3141 βάσεως
880 3060 1016 3140 μείζονα
1036 3057 1118 3135 ἕξει·

108 3162 191 3252 ὅπερ
215 3168 282 3232 ἔθει
306 3165 420 3244 δείξαι.

180 3289 290 3344 1.θυοί
310 3287 399 3341 BFV.
504 3291 528 3339 3.
555 3280 573 3371 η
600 3282 632 3338 δὲ
659 3281 731 3350 πρὸς
755 3285 834 3358 τῷΑ
860 3284 949 3353 γωνίαι
975 3284 1026 3352 τῆς
1050 3280 1121 3350 πρὸς

107 3359 145 3427 τῷ
165 3366 191 3413 A
208 3359 313 3427 γωνίας
344 3358 380 3423 P;
399 3356 488 3426 γωνία
507 3354 539 3410 δὲ
558 3374 576 3423 η
596 3349 755 3435 &naum
770 3356 875 3423 γωνίας
893 3355 942 3424 τῆς
960 3349 1017 3408 ὑπὸ
1036 3356 1121 3407 ΕΔΖ

106 3429 203 3484 Theon
222 3426 313 3497 (ΒΝ
343 3430 381 3496 p).
460 3433 484 3480 4.
506 3423 587 3495 ἔστω]
608 3445 641 3478 -ω
659 3442 689 3478 m
708 3441 759 3478 ras.
780 3425 813 3478 V.
891 3430 916 3479 6.
938 3420 1017 3510 ἐπεί]
1038 3419 1120 3492 εἰμὴ

95 3500 129 3549 Ε
201 3497 325 3568 μείζων]
344 3500 379 3566 Ρ,·
398 3499 503 3568 μείζων
525 3492 600 3551 ἐστίν
619 3495 718 3550 Theon
733 3495 890 3566 (BFpr).
964 3488 1020 3549 ὑπο
1041 3498 1124 3549 ΒΑΓ
