2356 3818
87 152 130 220 68
430 181 432 184 >
464 153 666 207 Συοωιειαω
685 149 726 210 α’.

88 305 229 364 σθωσαν
251 295 307 362 καὶ
326 295 602 383 συμπιπτέτωσαν
626 294 680 363 ἐπὶ
702 292 743 360 τά
762 301 843 380 Β,Λ
861 295 944 382 μέρη
962 293 1045 362 κατὰ
1065 293 1102 364 τὰ

87 408 131 472 Η.
153 400 323 490 τριγώνου
346 399 388 488 δὴ
411 405 473 470 τοῦ
486 409 526 470 Η
527 397 624 487 ΕΖὴ
649 398 743 480 ἐντὸς
760 405 868 487 γωνία
887 397 988 487 ἡύπὸ
1004 409 1104 470 ΑΕΖ

89 517 144 596 ἴση
170 508 239 575 ἐστὶ
260 512 300 596 τῇ
320 506 415 589 ἐντὸς
433 508 490 576 καὶ
508 505 711 577 ’ἀπεναντίον
732 511 773 596 τῇ
796 505 863 576 ὑπὸ
883 513 999 574 ΕΖΗ·
1022 505 1104 597 ὅπερ

88 615 178 683 ἐστὶν
205 613 389 684 ἀδύνατον·
428 612 491 684 οὐκ
517 613 585 703 ἀρα
612 617 650 682 αἱ
671 621 751 700 ΑΒ,
778 621 841 682 ΓΔ
865 613 1105 702 ἐκβαλλόμεναι

53 735 69 784 5
88 724 336 810 συμπεσοῦνται
360 722 413 789 ἐπὶ
434 721 475 790 τά
498 729 543 809 Β,
568 729 602 788 Λ
624 722 716 809 μέρη.
756 718 879 807 ὁμοίως
902 719 945 806 δὴ
970 720 1106 808 δειχθή-

88 847 195 915 σεται,
224 826 275 896 ὅτι
295 826 375 896 οὐδὲ
399 828 453 897 ἐπὶ
474 827 515 896 τά
540 837 583 915 Α,
606 833 647 896 I'·
684 830 722 895 αἱ
743 826 781 896 δὲ
803 827 856 896 ἐπὶ
880 828 1042 915 μηδέτερα
1064 825 1104 895 τά

88 925 171 1023 μίαν
191 939 437 1022 συμπίπτουσαι
455 934 669 1023 παράλληλοί
683 939 783 1002 είσιυ·
807 933 1020 1022 παράλληλος
1038 932 1104 1021 ἀρα

90 1040 180 1108 ἐστὶν
203 1038 224 1126 ἡ
248 1048 313 1108 ΑΒ
336 1043 376 1129 τῇ
401 1044 471 1109 ΓΔ.
659 1066 693 1123 0

153 1144 234 1215 Ἐἀν
262 1144 328 1234 ἀρα
358 1151 406 1226 είς
429 1145 493 1215 ὃύο
517 1142 653 1227 εὐθείας
676 1146 796 1215 εὐθεῖα
819 1148 1025 1234 ἐμπίπτουσα
1047 1145 1106 1226 τάς

38 1268 73 1317 10
91 1249 232 1334 ἐναλλάξ
255 1257 380 1339 γωνίας
403 1260 477 1333 ίσας
498 1250 658 1340 ἀλλήλαις
675 1257 766 1340 ποιῇ,
790 1253 996 1342 παράλληλοι
1011 1256 1105 1320 ἔσον-

91 1384 145 1427 τοιι
168 1361 206 1425 αι’
227 1356 372 1426 εὐθεῖαι·
396 1356 478 1446 ὅπερ
502 1362 571 1427 ἔδει
594 1360 708 1440 δεῖξαι.

563 1580 633 1641 νη.
654 1573 662 1591 ·

157 1675 246 1746 Ἐἀν
270 1682 325 1759 είς
344 1678 416 1747 δύο
436 1676 598 1759 εὐθείας
618 1675 755 1746 εὐθεῖα
774 1679 1019 1764 ἐμπίπτουσα
1036 1674 1107 1762 τὴν

92 1782 202 1864 ἐκτὸς
224 1790 375 1871 γωνίαν
397 1788 443 1873 τῇ
467 1783 580 1864 ἐντὸς
604 1783 669 1852 καί
697 1782 941 1853 ἀπεναντίον
960 1785 1022 1852 καλ
1044 1784 1107 1852 ἐπὶ

39 1904 73 1953 15
91 1888 135 1958 τά
161 1890 257 1959 αὐτά
283 1890 379 1978 μέρη
404 1898 495 1976 ίσην
518 1893 610 1978 ποιῇ
635 1885 744 1976 ἢτάς
767 1889 879 1969 ἐντὸς
897 1890 962 1957 καί
984 1890 1045 1957 ἐπὶ
1062 1889 1107 1957 τά

92 1994 189 2065 αὐτὰ
205 1997 304 2084 μέρη
320 1996 436 2064 δυσὶν
451 1997 593 2083 ὀρθαῖς
608 2003 710 2082 ίσας,
728 1993 981 2085 παμάλληλοι
996 2000 1108 2064 ἔσον-

91 2128 155 2170 ται
178 2100 369 2187 ἀλλήλαις
392 2105 433 2168 αί
455 2098 624 2170 εὐθεῖαι.

160 2212 220 2287 Είς
251 2206 317 2295 γὰρ
341 2207 404 2276 θύο
433 2204 568 2288 εὐθείας
590 2206 650 2288 τάς
672 2216 753 2294 AB,
789 2214 853 2275 ΓΛ
875 2206 994 2276 εὐθεῖα
1017 2211 1108 2296 ἐμπί-

92 2332 221 2382 πτουσα
243 2311 264 2399 ἡ
280 2320 342 2381 ΕΖ
357 2312 420 2399 τὴν
443 2311 535 2393 ἐκτὸς
558 2318 686 2399 γωνίαν
708 2311 770 2401 τὴν
788 2311 854 2382 ὐπὸ
872 2320 974 2382 ΕΗΒ
992 2319 1032 2404 τῇ
1057 2316 1109 2383 ἐν·

41 2434 75 2484 20
93 2417 150 2499 τὸς
172 2417 228 2486 καί
251 2414 454 2486 ἀπεναντίον
477 2424 585 2509 γωνίᾳ
608 2422 647 2507 τῇ
666 2416 733 2486 ὐπὸ
751 2426 860 2488 ΗΘΔ
878 2429 956 2507 ίσην
974 2427 1108 2521 ποιείτω

94 2521 115 2614 ἢ
144 2522 203 2605 τάς
235 2523 328 2604 ἐντὸς
359 2524 416 2591 καὶ
443 2524 496 2591 ἐπὶ
522 2522 563 2591 τά
591 2521 674 2592 αὐτοὶ
703 2525 785 2614 μέρη
813 2524 871 2607 τάς
898 2524 964 2594 ὑπὸ
996 2533 1109 2613 ΒΗΘ,

165 2702 293 2759 XXVIII.
312 2701 425 2756 Boetius
444 2719 472 2770 p.
487 2707 548 2771 382,
559 2707 602 2759 26.

167 2871 192 2918 2.
211 2862 279 2918 Post
297 2864 327 2915 Η
344 2861 408 2918 add.
423 2868 539 2932 σημεῖον
552 2864 665 2933 (comp.)
679 2862 706 2917 V
719 2879 792 2917 man.
807 2861 923 2918 recenti.
994 2858 1012 2932 ἡ
1028 2857 1111 2925 ἐκτός

97 2933 233 3004 -ΑΕΖ]
252 2951 309 3003 mg.
323 2939 386 2987 m.1
406 2931 436 2988 P.
496 2939 521 2987 3.
541 2934 599 3005 ίση]
618 2950 672 2988 ras.
687 2933 740 2988 FV
754 2934 862 3003 (μεῖζον
881 2932 1032 3001 Grynaeus,
1051 2935 1111 3003 μεί-

96 3008 151 3072 ζων
171 3003 342 3074 Gregorius).
447 2999 522 3058 ἐστίν
540 3005 571 3061 Ρ.
671 3004 718 3074 τῇ]
737 3004 787 3072 τῆς
804 3003 866 3072 FV,
885 3002 1037 3072 Grynaeus.

96 3071 283 3156 ἀπεναντίον]
303 3093 500 3143 επενανγωνια
519 3094 550 3144 φ,
568 3076 715 3146 praeterea
727 3076 832 3144 γωνίας
846 3075 960 3144 (comp.)
973 3092 1030 3145 mg.
1044 3081 1109 3128 παλ

96 3147 131 3212 Ἐς
160 3152 228 3201 m.1
253 3163 312 3200 eme
336 3145 421 3201 dubio
444 3144 499 3200 fuit
516 3141 698 3201 ἀπεναντίον.
735 3145 768 3199 In
787 3146 812 3200 V
830 3147 896 3214 post
917 3147 972 3200 hoc
994 3146 1111 3200 verbum

98 3219 203 3286 γωνίας
232 3219 346 3288 (comp.)
375 3217 493 3271 inseruit
520 3236 557 3272 m.
575 3233 693 3283 recens.;
716 3218 821 3284 γωνίας
840 3217 904 3273 hab.
924 3215 1074 3285 Grynaeus.

97 3289 144 3361 τῇ]
163 3288 212 3358 τῆς
230 3288 290 3343 FV.
362 3282 433 3360 ὐπό]
453 3304 507 3342 om.
526 3288 556 3342 F.
628 3287 696 3342 Post
714 3289 804 3341 ΕΖΗ
818 3287 895 3343 inF.
915 3293 979 3342 m.2
998 3288 1027 3341 et
1045 3287 1111 3343 inv

97 3376 134 3414 m.
144 3357 337 3415 εοοοωοίεεὶωα
355 3359 422 3414 add.
439 3353 508 3413 ἀλλά
528 3359 576 3412 καί
591 3360 646 3428 ἴση,
664 3357 741 3426 quod
752 3359 840 3413 habet
853 3358 1005 3429 Grynaous.
1025 3359 1111 3428 scrip-

98 3432 192 3485 turam
209 3431 353 3499 receptam
370 3430 477 3485 habent
494 3428 604 3498 PBbp‚
633 3427 804 3499 Campanus,
832 3430 1011 3500 Ζοωοοτοοε,
1039 3430 1111 3484 alter

84 3499 181 3550 οοᾱει
198 3499 332 3567 θιγωεεί.
388 3507 413 3555 4.
435 3496 523 3572 ἐστίν]
544 3517 598 3558 om.
616 3519 645 3571 p.
704 3505 729 3556 ὁ.
748 3497 799 3572 δή]
818 3500 850 3556 δέ
869 3500 899 3554 F.
965 3507 989 3558 6.
1008 3493 1072 3554 οὐδ’
1082 3519 1112 3570 p.
