<?xml version="1.0" encoding="UTF-8"?>
<!DOCTYPE html PUBLIC "-//W3C//DTD XHTML 1.0 Transitional//EN"
    "http://www.w3.org/TR/xhtml1/DTD/xhtml1-transitional.dtd">
<html xmlns="http://www.w3.org/1999/xhtml" xml:lang="en" lang="en">
 <head>
  <title>
</title>
<meta http-equiv="Content-Type" content="text/html;charset=utf-8" />
  <meta name='ocr-system' content='tesseract 3.04.00' />
  <meta name='ocr-capabilities' content='ocr_page ocr_carea ocr_par ocr_line ocrx_word'/>
</head>
<body>
  <div class='ocr_page' id='page_1' title='image "./euclidisoperaom07unkngoog_0222.png"; bbox 0 0 2356 3818; ppageno 0'>
   <div class='ocr_carea' id='block_1_1' title="bbox 349 185 1097 250">
    <p class='ocr_par' dir='ltr' id='par_1_1' title="bbox 349 185 1097 250">
     <span class='ocr_line' id='line_1_1' title="bbox 349 185 1097 250; baseline -0.004 -6"><span class='ocrx_word' id='word_1_1' title='bbox 349 185 625 244; x_wconf 77' lang='lat' dir='ltr'><strong>ELEMEN&#39;I&#39;ORUM</strong></span> <span class='ocrx_word' id='word_1_2' title='bbox 642 191 752 242; x_wconf 85' lang='lat' dir='ltr'>LIBER</span> <span class='ocrx_word' id='word_1_3' title='bbox 769 192 818 243; x_wconf 94' lang='lat' dir='ltr'>III.</span> <span class='ocrx_word' id='word_1_4' title='bbox 1035 187 1097 250; x_wconf 78' lang='grc'>211</span> 
     </span>
    </p>
   </div>
   <div class='ocr_carea' id='block_1_2' title="bbox 44 331 1153 1478">
    <p class='ocr_par' dir='ltr' id='par_1_2' title="bbox 74 331 1100 633">
     <span class='ocr_line' id='line_1_2' title="bbox 85 331 1100 421; baseline -0.005 -20"><span class='ocrx_word' id='word_1_5' title='bbox 85 343 118 400; x_wconf 92' lang='grc' dir='ltr'><em>Α</em></span> <span class='ocrx_word' id='word_1_6' title='bbox 144 339 263 420; x_wconf 89' lang='lat' dir='ltr'>puncto</span> <span class='ocrx_word' id='word_1_7' title='bbox 293 334 569 421; x_wconf 81' lang='lat' dir='ltr'>perpendicularis</span> <span class='ocrx_word' id='word_1_8' title='bbox 597 337 705 399; x_wconf 79' lang='lat' dir='ltr'>crecta</span> <span class='ocrx_word' id='word_1_9' title='bbox 731 334 819 398; x_wconf 81' lang='lat' dir='ltr'>intra</span> <span class='ocrx_word' id='word_1_10' title='bbox 845 331 1001 398; x_wconf 89' lang='lat' dir='ltr'>circulum</span> <span class='ocrx_word' id='word_1_11' title='bbox 1033 353 1100 397; x_wconf 92' lang='lat' dir='ltr'>non</span> 
     </span>
     <span class='ocr_line' id='line_1_3' title="bbox 86 438 1100 524; baseline -0.005 -18"><span class='ocrx_word' id='word_1_12' title='bbox 86 442 187 507; x_wconf 85' lang='lat' dir='ltr'>cedet.</span> <span class='ocrx_word' id='word_1_13' title='bbox 216 441 366 506; x_wconf 86' lang='lat' dir='ltr'>similiter</span> <span class='ocrx_word' id='word_1_14' title='bbox 388 440 699 524; x_wconf 79' lang='lat' dir='ltr'>demonstrabimus,</span> <span class='ocrx_word' id='word_1_15' title='bbox 726 461 797 504; x_wconf 82' lang='lat' dir='ltr'>eam</span> <span class='ocrx_word' id='word_1_16' title='bbox 819 460 860 503; x_wconf 88' lang='lat' dir='ltr'>ne</span> <span class='ocrx_word' id='word_1_17' title='bbox 883 439 918 502; x_wconf 91' lang='lat' dir='ltr'>in</span> <span class='ocrx_word' id='word_1_18' title='bbox 941 438 1100 502; x_wconf 81' lang='lat' dir='ltr'>ambitum</span> 
     </span>
     <span class='ocr_line' id='line_1_4' title="bbox 74 542 751 633; baseline -0.006 -19"><span class='ocrx_word' id='word_1_19' title='bbox 74 542 219 633; x_wconf 82' lang='lat' dir='ltr'>&#39;quidem</span> <span class='ocrx_word' id='word_1_20' title='bbox 243 547 362 613; x_wconf 84' lang='lat' dir='ltr'>cedere.</span> <span class='ocrx_word' id='word_1_21' title='bbox 410 551 501 611; x_wconf 81' lang='lat' dir='ltr'>extro</span> <span class='ocrx_word' id='word_1_22' title='bbox 523 546 626 632; x_wconf 81' lang='lat' dir='ltr'>igitur</span> <span class='ocrx_word' id='word_1_23' title='bbox 649 546 751 610; x_wconf 87' lang='lat' dir='ltr'>cadet.</span> 
     </span>
    </p>

    <p class='ocr_par' dir='ltr' id='par_1_3' title="bbox 44 651 1153 1478">
     <span class='ocr_line' id='line_1_5' title="bbox 152 651 1102 736; baseline -0.005 -18"><span class='ocrx_word' id='word_1_24' title='bbox 152 653 248 718; x_wconf 83' lang='lat' dir='ltr'>cadat</span> <span class='ocrx_word' id='word_1_25' title='bbox 269 656 307 717; x_wconf 93' lang='lat' dir='ltr'>ut</span> <span class='ocrx_word' id='word_1_26' title='bbox 329 657 404 716; x_wconf 82' lang='lat' dir='ltr'>AB.</span> <span class='ocrx_word' id='word_1_27' title='bbox 447 653 527 736; x_wconf 87' lang='lat' dir='ltr'>dieo,</span> <span class='ocrx_word' id='word_1_28' title='bbox 550 653 586 716; x_wconf 89' lang='lat' dir='ltr'>in</span> <span class='ocrx_word' id='word_1_29' title='bbox 610 652 752 736; x_wconf 79' lang='lat' dir='ltr'>spatium</span> <span class='ocrx_word' id='word_1_30' title='bbox 774 651 860 716; x_wconf 89' lang='lat' dir='ltr'>inter</span> <span class='ocrx_word' id='word_1_31' title='bbox 882 654 1005 714; x_wconf 83' lang='lat' dir='ltr'>rectem</span> <span class='ocrx_word' id='word_1_32' title='bbox 1033 654 1102 713; x_wconf 87' lang='grc' dir='ltr'>ΑΕ</span> 
     </span>
     <span class='ocr_line' id='line_1_6' title="bbox 84 757 1100 841; baseline -0.004 -17"><span class='ocrx_word' id='word_1_33' title='bbox 84 764 117 824; x_wconf 88' lang='lat' dir='ltr'>et</span> <span class='ocrx_word' id='word_1_34' title='bbox 144 759 303 824; x_wconf 85' lang='lat' dir='ltr'>ambitum</span> <span class='ocrx_word' id='word_1_35' title='bbox 327 762 426 823; x_wconf 99' lang='grc' dir='ltr'>ΓΘΑ</span> <span class='ocrx_word' id='word_1_36' title='bbox 449 759 547 825; x_wconf 85' lang='lat' dir='ltr'>aliam</span> <span class='ocrx_word' id='word_1_37' title='bbox 570 760 693 823; x_wconf 84' lang='lat' dir='ltr'>rectam</span> <span class='ocrx_word' id='word_1_38' title='bbox 717 757 882 841; x_wconf 86' lang='lat' dir='ltr'>interponi</span> <span class='ocrx_word' id='word_1_39' title='bbox 904 778 972 821; x_wconf 92' lang='lat' dir='ltr'>non</span> <span class='ocrx_word' id='word_1_40' title='bbox 994 778 1100 840; x_wconf 87' lang='lat' dir='ltr'>posse.</span> 
     </span>
     <span class='ocr_line' id='line_1_7' title="bbox 44 864 1153 949; baseline -0.003 -19"><span class='ocrx_word' id='word_1_41' title='bbox 44 907 48 911; x_wconf 90' lang='lat'><em>·</em></span> <span class='ocrx_word' id='word_1_42' title='bbox 150 888 242 949; x_wconf 85' lang='lat' dir='ltr'>nam,</span> <span class='ocrx_word' id='word_1_43' title='bbox 270 867 298 930; x_wconf 89' lang='lat' dir='ltr'>si</span> <span class='ocrx_word' id='word_1_44' title='bbox 321 865 391 929; x_wconf 88' lang='lat' dir='ltr'>fieri</span> <span class='ocrx_word' id='word_1_45' title='bbox 415 867 538 948; x_wconf 88' lang='lat' dir='ltr'>potest,</span> <span class='ocrx_word' id='word_1_46' title='bbox 564 864 791 948; x_wconf 76' lang='lat' dir='ltr'>interponatur</span> <span class='ocrx_word' id='word_1_47' title='bbox 815 865 850 926; x_wconf 86' lang='lat' dir='ltr'>ut</span> <span class='ocrx_word' id='word_1_48' title='bbox 872 866 944 945; x_wconf 87' lang='grc' dir='ltr'>ΖΑ,</span> <span class='ocrx_word' id='word_1_49' title='bbox 968 866 1000 926; x_wconf 91' lang='lat' dir='ltr'>et</span> <span class='ocrx_word' id='word_1_50' title='bbox 1024 886 1043 928; x_wconf 84' lang='lat' dir='ltr'>a</span> <span class='ocrx_word' id='word_1_51' title='bbox 1067 869 1101 927; x_wconf 83' lang='lat' dir='ltr'><em>A</em></span> <span class='ocrx_word' id='word_1_52' title='bbox 1151 885 1153 888; x_wconf 69' lang='grc'>’</span> 
     </span>
     <span class='ocr_line' id='line_1_8' title="bbox 84 968 1099 1055; baseline -0.001 -20"><span class='ocrx_word' id='word_1_53' title='bbox 84 975 205 1055; x_wconf 88' lang='lat' dir='ltr'>puncto</span> <span class='ocrx_word' id='word_1_54' title='bbox 230 970 271 1034; x_wconf 85' lang='lat' dir='ltr'>ad</span> <span class='ocrx_word' id='word_1_55' title='bbox 295 974 359 1032; x_wconf 91' lang='grc' dir='ltr'>ΖΑ</span> <span class='ocrx_word' id='word_1_56' title='bbox 382 969 656 1053; x_wconf 79' lang='lat' dir='ltr'>perpendicularis</span> <span class='ocrx_word' id='word_1_57' title='bbox 680 968 816 1033; x_wconf 82' lang='lat' dir='ltr'>dueatur</span> <span class='ocrx_word' id='word_1_58' title='bbox 840 972 920 1033; x_wconf 88' lang='grc' dir='ltr'>ΑΗ.</span> <span class='ocrx_word' id='word_1_59' title='bbox 965 974 998 1034; x_wconf 89' lang='lat' dir='ltr'>et</span> <span class='ocrx_word' id='word_1_60' title='bbox 1022 991 1099 1054; x_wconf 92' lang='lat' dir='ltr'>quo·</span> 
     </span>
     <span class='ocr_line' id='line_1_9' title="bbox 86 1074 1101 1160; baseline -0.003 -20"><span class='ocrx_word' id='word_1_61' title='bbox 86 1077 175 1141; x_wconf 83' lang='lat' dir='ltr'>niam</span> <span class='ocrx_word' id='word_1_62' title='bbox 195 1079 340 1152; x_wconf 61' lang='grc' dir='ltr'><em>[ΑΗΔ</em></span> <span class='ocrx_word' id='word_1_63' title='bbox 358 1079 465 1141; x_wconf 88' lang='lat' dir='ltr'>rectus</span> <span class='ocrx_word' id='word_1_64' title='bbox 494 1079 552 1160; x_wconf 86' lang='lat' dir='ltr'>est,</span> <span class='ocrx_word' id='word_1_65' title='bbox 576 1079 608 1140; x_wconf 88' lang='lat' dir='ltr'>et</span> <span class='ocrx_word' id='word_1_66' title='bbox 622 1082 643 1151; x_wconf 72' lang='lat' dir='ltr'><em>L</em></span> <span class='ocrx_word' id='word_1_67' title='bbox 658 1079 772 1140; x_wconf 86' lang='grc' dir='ltr'>ΔΑΗ</span> <span class='ocrx_word' id='word_1_68' title='bbox 780 1075 888 1140; x_wconf 90' lang='lat' dir='ltr'>minor</span> <span class='ocrx_word' id='word_1_69' title='bbox 911 1077 1010 1158; x_wconf 85' lang='lat' dir='ltr'>recto,</span> <span class='ocrx_word' id='word_1_70' title='bbox 1039 1074 1101 1138; x_wconf 87' lang='lat' dir='ltr'>erit</span> 
     </span>
     <span class='ocr_line' id='line_1_10' title="bbox 83 1181 1101 1267; baseline -0.001 -21"><span class='ocrx_word' id='word_1_71' title='bbox 83 1188 157 1246; x_wconf 88' lang='lat' dir='ltr'>AA</span> <span class='ocrx_word' id='word_1_72' title='bbox 170 1193 204 1255; x_wconf 95' lang='lat'>&gt;</span> <span class='ocrx_word' id='word_1_73' title='bbox 220 1186 297 1246; x_wconf 91' lang='grc' dir='ltr'>ΛΗ</span> <span class='ocrx_word' id='word_1_74' title='bbox 317 1181 354 1267; x_wconf 78' lang='grc'>[1,</span> <span class='ocrx_word' id='word_1_75' title='bbox 381 1181 445 1263; x_wconf 85' lang='grc'><strong>19].</strong></span> <span class='ocrx_word' id='word_1_76' title='bbox 469 1181 526 1245; x_wconf 90' lang='lat' dir='ltr'>sed</span> <span class='ocrx_word' id='word_1_77' title='bbox 545 1186 615 1246; x_wconf 88' lang='lat' dir='ltr'>AA</span> <span class='ocrx_word' id='word_1_78' title='bbox 629 1212 671 1235; x_wconf 88' lang='lat'>=</span> <span class='ocrx_word' id='word_1_79' title='bbox 686 1185 761 1247; x_wconf 89' lang='grc' dir='ltr'>ΛΘ.</span> <span class='ocrx_word' id='word_1_80' title='bbox 788 1203 866 1266; x_wconf 85' lang='lat' dir='ltr'>ergo</span> <span class='ocrx_word' id='word_1_81' title='bbox 886 1185 954 1246; x_wconf 88' lang='grc' dir='ltr'>ΔΘ</span> <span class='ocrx_word' id='word_1_82' title='bbox 968 1191 1000 1254; x_wconf 92' lang='grc'>&gt;</span> <span class='ocrx_word' id='word_1_83' title='bbox 1018 1185 1101 1266; x_wconf 81' lang='grc' dir='ltr'>ΔΗ,</span> 
     </span>
     <span class='ocr_line' id='line_1_11' title="bbox 82 1287 1099 1373; baseline 0 -21"><span class='ocrx_word' id='word_1_84' title='bbox 82 1289 190 1354; x_wconf 89' lang='lat' dir='ltr'>minor</span> <span class='ocrx_word' id='word_1_85' title='bbox 212 1289 347 1372; x_wconf 81' lang='lat' dir='ltr'>maiorc3</span> <span class='ocrx_word' id='word_1_86' title='bbox 376 1287 463 1372; x_wconf 88' lang='lat' dir='ltr'>quod</span> <span class='ocrx_word' id='word_1_87' title='bbox 485 1287 556 1352; x_wconf 90' lang='lat' dir='ltr'>fieri</span> <span class='ocrx_word' id='word_1_88' title='bbox 580 1309 647 1353; x_wconf 90' lang='lat' dir='ltr'>non</span> <span class='ocrx_word' id='word_1_89' title='bbox 669 1292 787 1373; x_wconf 87' lang='lat' dir='ltr'>potest.</span> <span class='ocrx_word' id='word_1_90' title='bbox 833 1288 942 1372; x_wconf 85' lang='lat' dir='ltr'>itaque</span> <span class='ocrx_word' id='word_1_91' title='bbox 966 1288 1001 1352; x_wconf 92' lang='lat' dir='ltr'>in</span> <span class='ocrx_word' id='word_1_92' title='bbox 1026 1311 1099 1373; x_wconf 88' lang='lat' dir='ltr'>spa-</span> 
     </span>
     <span class='ocr_line' id='line_1_12' title="bbox 81 1394 1099 1478; baseline 0 -20"><span class='ocrx_word' id='word_1_93' title='bbox 81 1394 165 1458; x_wconf 89' lang='lat' dir='ltr'>tium</span> <span class='ocrx_word' id='word_1_94' title='bbox 192 1395 277 1460; x_wconf 88' lang='lat' dir='ltr'>inter</span> <span class='ocrx_word' id='word_1_95' title='bbox 304 1398 427 1459; x_wconf 83' lang='lat' dir='ltr'>rectem</span> <span class='ocrx_word' id='word_1_96' title='bbox 449 1397 482 1458; x_wconf 88' lang='lat' dir='ltr'>ct</span> <span class='ocrx_word' id='word_1_97' title='bbox 501 1395 821 1478; x_wconf 77' lang='lat' dir='ltr'>ambitumpositum</span> <span class='ocrx_word' id='word_1_98' title='bbox 841 1394 906 1458; x_wconf 84' lang='lat' dir='ltr'>alia</span> <span class='ocrx_word' id='word_1_99' title='bbox 924 1398 1013 1459; x_wconf 83' lang='lat' dir='ltr'>reeta</span> <span class='ocrx_word' id='word_1_100' title='bbox 1031 1415 1099 1459; x_wconf 91' lang='lat' dir='ltr'>non</span> 
     </span>
    </p>
   </div>
   <div class='ocr_carea' id='block_1_3' title="bbox 80 1501 1101 2643">
    <p class='ocr_par' dir='ltr' id='par_1_4' title="bbox 82 1501 315 1584">
     <span class='ocr_line' id='line_1_13' title="bbox 82 1501 315 1584; baseline 0.009 -21"><span class='ocrx_word' id='word_1_101' title='bbox 82 1501 315 1584; x_wconf 77' lang='lat' dir='ltr'>interponetur.</span> 
     </span>
    </p>

    <p class='ocr_par' dir='ltr' id='par_1_5' title="bbox 82 1604 1101 2009">
     <span class='ocr_line' id='line_1_14' title="bbox 153 1604 1099 1690; baseline 0.003 -22"><span class='ocrx_word' id='word_1_102' title='bbox 153 1605 224 1671; x_wconf 86' lang='lat' dir='ltr'>dieo</span> <span class='ocrx_word' id='word_1_103' title='bbox 248 1607 356 1690; x_wconf 82' lang='lat' dir='ltr'>etiam,</span> <span class='ocrx_word' id='word_1_104' title='bbox 380 1605 536 1690; x_wconf 70' lang='lat' dir='ltr'>angurium</span> <span class='ocrx_word' id='word_1_105' title='bbox 559 1604 753 1671; x_wconf 81' lang='lat' dir='ltr'>semicirculi</span> <span class='ocrx_word' id='word_1_106' title='bbox 781 1609 869 1670; x_wconf 86' lang='lat' dir='ltr'>reeta</span> <span class='ocrx_word' id='word_1_107' title='bbox 887 1608 954 1669; x_wconf 88' lang='lat' dir='ltr'>BA</span> <span class='ocrx_word' id='word_1_108' title='bbox 973 1609 1006 1670; x_wconf 89' lang='lat' dir='ltr'>et</span> <span class='ocrx_word' id='word_1_109' title='bbox 1024 1628 1099 1671; x_wconf 86' lang='lat' dir='ltr'>arou</span> 
     </span>
     <span class='ocr_line' id='line_1_15' title="bbox 82 1711 1096 1796; baseline -0.001 -19"><span class='ocrx_word' id='word_1_110' title='bbox 82 1712 455 1796; x_wconf 69' lang='lat' dir='ltr'>FBAeomprehensum</span> <span class='ocrx_word' id='word_1_111' title='bbox 469 1711 585 1796; x_wconf 91' lang='lat' dir='ltr'>quouis</span> <span class='ocrx_word' id='word_1_112' title='bbox 600 1714 696 1776; x_wconf 82' lang='lat' dir='ltr'>cento</span> <span class='ocrx_word' id='word_1_113' title='bbox 712 1712 831 1795; x_wconf 83' lang='lat' dir='ltr'>angulo</span> <span class='ocrx_word' id='word_1_114' title='bbox 840 1711 1009 1776; x_wconf 89' lang='lat' dir='ltr'>rectilineo</span> <span class='ocrx_word' id='word_1_115' title='bbox 1019 1713 1096 1776; x_wconf 86' lang='lat' dir='ltr'>mei·</span> 
     </span>
     <span class='ocr_line' id='line_1_16' title="bbox 83 1806 1099 1902; baseline -0.002 -19"><span class='ocrx_word' id='word_1_116' title='bbox 83 1841 173 1884; x_wconf 91' lang='lat' dir='ltr'>orem</span> <span class='ocrx_word' id='word_1_117' title='bbox 188 1839 268 1902; x_wconf 84' lang='lat' dir='ltr'>esse,</span> <span class='ocrx_word' id='word_1_118' title='bbox 282 1819 442 1902; x_wconf 88' lang='lat' dir='ltr'>reliquum</span> <span class='ocrx_word' id='word_1_119' title='bbox 458 1821 567 1882; x_wconf 85' lang='lat' dir='ltr'>autem</span> <span class='ocrx_word' id='word_1_120' title='bbox 581 1839 658 1882; x_wconf 85' lang='lat' dir='ltr'>arcu</span> <span class='ocrx_word' id='word_1_121' title='bbox 674 1820 771 1882; x_wconf 85' lang='grc' dir='ltr'>ΓΘΑ</span> <span class='ocrx_word' id='word_1_122' title='bbox 786 1821 818 1881; x_wconf 88' lang='lat' dir='ltr'>et</span> <span class='ocrx_word' id='word_1_123' title='bbox 828 1806 919 1882; x_wconf 51' lang='lat' dir='ltr'>¹reete</span> <span class='ocrx_word' id='word_1_124' title='bbox 933 1823 965 1881; x_wconf 92' lang='lat' dir='ltr'><em>A</em></span> <span class='ocrx_word' id='word_1_125' title='bbox 970 1822 1001 1881; x_wconf 84' lang='grc' dir='ltr'><em>Ε</em></span> <span class='ocrx_word' id='word_1_126' title='bbox 1014 1840 1099 1882; x_wconf 90' lang='lat' dir='ltr'>eom-</span> 
     </span>
     <span class='ocr_line' id='line_1_17' title="bbox 86 1923 1101 2009; baseline -0.001 -20"><span class='ocrx_word' id='word_1_127' title='bbox 86 1925 282 2008; x_wconf 86' lang='lat' dir='ltr'>prehensum</span> <span class='ocrx_word' id='word_1_128' title='bbox 296 1925 412 2009; x_wconf 90' lang='lat' dir='ltr'>quouis</span> <span class='ocrx_word' id='word_1_129' title='bbox 428 1927 523 1989; x_wconf 82' lang='lat' dir='ltr'>acuto</span> <span class='ocrx_word' id='word_1_130' title='bbox 539 1923 657 2008; x_wconf 81' lang='lat' dir='ltr'>angulo</span> <span class='ocrx_word' id='word_1_131' title='bbox 672 1923 840 1987; x_wconf 88' lang='lat' dir='ltr'>rectilineo</span> <span class='ocrx_word' id='word_1_132' title='bbox 851 1924 1010 1988; x_wconf 87' lang='lat' dir='ltr'>minorem</span> <span class='ocrx_word' id='word_1_133' title='bbox 1020 1945 1101 1988; x_wconf 87' lang='lat' dir='ltr'>esse.</span> 
     </span>
    </p>

    <p class='ocr_par' dir='ltr' id='par_1_6' title="bbox 80 2014 1101 2643">
     <span class='ocr_line' id='line_1_18' title="bbox 149 2014 1100 2113; baseline -0.002 -19"><span class='ocrx_word' id='word_1_134' title='bbox 149 2053 226 2095; x_wconf 84' lang='lat' dir='ltr'>nam</span> <span class='ocrx_word' id='word_1_135' title='bbox 254 2031 282 2094; x_wconf 87' lang='lat' dir='ltr'>si</span> <span class='ocrx_word' id='word_1_136' title='bbox 311 2031 383 2113; x_wconf 88' lang='lat' dir='ltr'>quis</span> <span class='ocrx_word' id='word_1_137' title='bbox 407 2029 469 2094; x_wconf 86' lang='lat' dir='ltr'>erit</span> <span class='ocrx_word' id='word_1_138' title='bbox 493 2029 632 2113; x_wconf 80' lang='lat' dir='ltr'>angulus</span> <span class='ocrx_word' id='word_1_139' title='bbox 655 2029 842 2094; x_wconf 90' lang='lat' dir='ltr'>rectilineus</span> <span class='ocrx_word' id='word_1_140' title='bbox 866 2030 987 2113; x_wconf 83' lang='lat' dir='ltr'>angulo</span> <span class='ocrx_word' id='word_1_141' title='bbox 1012 2014 1100 2093; x_wconf 82' lang='lat' dir='ltr'>eom-</span> 
     </span>
     <span class='ocr_line' id='line_1_19' title="bbox 83 2135 1101 2220; baseline 0 -22"><span class='ocrx_word' id='word_1_142' title='bbox 83 2135 243 2219; x_wconf 85' lang='lat' dir='ltr'>prehenso</span> <span class='ocrx_word' id='word_1_143' title='bbox 267 2141 356 2199; x_wconf 83' lang='lat' dir='ltr'>reeta</span> <span class='ocrx_word' id='word_1_144' title='bbox 379 2138 443 2198; x_wconf 87' lang='lat' dir='ltr'>BA</span> <span class='ocrx_word' id='word_1_145' title='bbox 466 2139 499 2198; x_wconf 90' lang='lat' dir='ltr'>et</span> <span class='ocrx_word' id='word_1_146' title='bbox 521 2156 598 2199; x_wconf 83' lang='lat' dir='ltr'>areu</span> <span class='ocrx_word' id='word_1_147' title='bbox 621 2137 719 2199; x_wconf 91' lang='grc' dir='ltr'>ΓΘΑ</span> <span class='ocrx_word' id='word_1_148' title='bbox 742 2135 853 2220; x_wconf 81' lang='lat' dir='ltr'>maior,</span> <span class='ocrx_word' id='word_1_149' title='bbox 877 2139 909 2199; x_wconf 89' lang='lat' dir='ltr'>et</span> <span class='ocrx_word' id='word_1_150' title='bbox 931 2135 1019 2199; x_wconf 88' lang='lat' dir='ltr'>idem</span> <span class='ocrx_word' id='word_1_151' title='bbox 1041 2136 1101 2198; x_wconf 92' lang='lat' dir='ltr'>rni-</span> 
     </span>
     <span class='ocr_line' id='line_1_20' title="bbox 83 2240 1098 2326; baseline -0.001 -21"><span class='ocrx_word' id='word_1_152' title='bbox 83 2262 144 2305; x_wconf 89' lang='lat' dir='ltr'>nor</span> <span class='ocrx_word' id='word_1_153' title='bbox 168 2241 288 2326; x_wconf 83' lang='lat' dir='ltr'>angulo</span> <span class='ocrx_word' id='word_1_154' title='bbox 312 2240 545 2324; x_wconf 86' lang='lat' dir='ltr'>comprehenso</span> <span class='ocrx_word' id='word_1_155' title='bbox 570 2262 646 2306; x_wconf 85' lang='lat' dir='ltr'>areu</span> <span class='ocrx_word' id='word_1_156' title='bbox 669 2243 767 2306; x_wconf 91' lang='grc' dir='ltr'>ΓΘΑ</span> <span class='ocrx_word' id='word_1_157' title='bbox 794 2246 827 2305; x_wconf 89' lang='lat' dir='ltr'>et</span> <span class='ocrx_word' id='word_1_158' title='bbox 850 2245 937 2306; x_wconf 86' lang='lat' dir='ltr'>reeta</span> <span class='ocrx_word' id='word_1_159' title='bbox 961 2246 1039 2325; x_wconf 84' lang='grc' dir='ltr'>ΑΕ,</span> <span class='ocrx_word' id='word_1_160' title='bbox 1063 2243 1098 2305; x_wconf 89' lang='lat' dir='ltr'>in</span> 
     </span>
     <span class='ocr_line' id='line_1_21' title="bbox 83 2346 1099 2432; baseline 0 -20"><span class='ocrx_word' id='word_1_161' title='bbox 83 2347 226 2431; x_wconf 83' lang='lat' dir='ltr'>spatium</span> <span class='ocrx_word' id='word_1_162' title='bbox 244 2346 330 2410; x_wconf 88' lang='lat' dir='ltr'>inter</span> <span class='ocrx_word' id='word_1_163' title='bbox 347 2367 456 2411; x_wconf 83' lang='lat' dir='ltr'>ereum</span> <span class='ocrx_word' id='word_1_164' title='bbox 472 2348 570 2410; x_wconf 91' lang='grc' dir='ltr'>ΓΘΑ</span> <span class='ocrx_word' id='word_1_165' title='bbox 584 2351 616 2410; x_wconf 86' lang='lat' dir='ltr'>et</span> <span class='ocrx_word' id='word_1_166' title='bbox 633 2351 756 2413; x_wconf 83' lang='lat' dir='ltr'>rectam</span> <span class='ocrx_word' id='word_1_167' title='bbox 770 2353 802 2411; x_wconf 91' lang='lat' dir='ltr'><em>A</em></span> <span class='ocrx_word' id='word_1_168' title='bbox 807 2352 839 2412; x_wconf 85' lang='grc' dir='ltr'><em>Ε</em></span> <span class='ocrx_word' id='word_1_169' title='bbox 852 2348 996 2432; x_wconf 90' lang='lat' dir='ltr'>positum</span> <span class='ocrx_word' id='word_1_170' title='bbox 1010 2352 1099 2413; x_wconf 78' lang='lat' dir='ltr'>reete</span> 
     </span>
     <span class='ocr_line' id='line_1_22' title="bbox 80 2450 1100 2538; baseline 0 -21"><span class='ocrx_word' id='word_1_171' title='bbox 80 2454 315 2537; x_wconf 87' lang='lat' dir='ltr'>interponetur,</span> <span class='ocrx_word' id='word_1_172' title='bbox 338 2473 420 2536; x_wconf 82' lang='lat' dir='ltr'>quae</span> <span class='ocrx_word' id='word_1_173' title='bbox 444 2454 600 2536; x_wconf 82' lang='lat' dir='ltr'>angulum</span> <span class='ocrx_word' id='word_1_174' title='bbox 623 2452 744 2517; x_wconf 83' lang='lat' dir='ltr'>efficiat</span> <span class='ocrx_word' id='word_1_175' title='bbox 766 2454 866 2519; x_wconf 86' lang='lat' dir='ltr'>rectis</span> <span class='ocrx_word' id='word_1_176' title='bbox 890 2450 1100 2538; x_wconf 85' lang='lat' dir='ltr'>eomprehen-</span> 
     </span>
     <span class='ocr_line' id='line_1_23' title="bbox 81 2558 1097 2643; baseline 0.002 -20"><span class='ocrx_word' id='word_1_177' title='bbox 81 2581 153 2623; x_wconf 90' lang='lat' dir='ltr'>sum</span> <span class='ocrx_word' id='word_1_178' title='bbox 177 2558 334 2623; x_wconf 86' lang='lat' dir='ltr'>maiorem</span> <span class='ocrx_word' id='word_1_179' title='bbox 357 2559 476 2643; x_wconf 81' lang='lat' dir='ltr'>angulo</span> <span class='ocrx_word' id='word_1_180' title='bbox 500 2559 734 2642; x_wconf 84' lang='lat' dir='ltr'>comprehenso</span> <span class='ocrx_word' id='word_1_181' title='bbox 757 2564 847 2625; x_wconf 82' lang='lat' dir='ltr'>reete</span> <span class='ocrx_word' id='word_1_182' title='bbox 870 2564 936 2624; x_wconf 88' lang='lat' dir='ltr'>BA</span> <span class='ocrx_word' id='word_1_183' title='bbox 964 2567 997 2624; x_wconf 86' lang='lat' dir='ltr'>ct</span> <span class='ocrx_word' id='word_1_184' title='bbox 1021 2583 1097 2626; x_wconf 85' lang='lat' dir='ltr'>areu</span> 
     </span>
    </p>
   </div>
   <div class='ocr_carea' id='block_1_4' title="bbox 80 2664 1096 2749">
    <p class='ocr_par' dir='ltr' id='par_1_7' title="bbox 80 2664 1096 2749">
     <span class='ocr_line' id='line_1_24' title="bbox 80 2664 1096 2749; baseline 0.005 -22"><span class='ocrx_word' id='word_1_185' title='bbox 80 2666 179 2728; x_wconf 91' lang='grc' dir='ltr'>ΓΘΑ</span> <span class='ocrx_word' id='word_1_186' title='bbox 210 2669 243 2728; x_wconf 89' lang='lat' dir='ltr'>et</span> <span class='ocrx_word' id='word_1_187' title='bbox 275 2664 376 2730; x_wconf 83' lang='lat' dir='ltr'>elium</span> <span class='ocrx_word' id='word_1_188' title='bbox 408 2664 567 2729; x_wconf 90' lang='lat' dir='ltr'>minorem</span> <span class='ocrx_word' id='word_1_189' title='bbox 600 2666 719 2748; x_wconf 81' lang='lat' dir='ltr'>angulo</span> <span class='ocrx_word' id='word_1_190' title='bbox 753 2665 985 2749; x_wconf 87' lang='lat' dir='ltr'>comprehenso</span> <span class='ocrx_word' id='word_1_191' title='bbox 1020 2689 1096 2732; x_wconf 85' lang='lat' dir='ltr'>arcu</span> 
     </span>
    </p>
   </div>
   <div class='ocr_carea' id='block_1_5' title="bbox 76 2815 1115 3654">
    <p class='ocr_par' dir='ltr' id='par_1_8' title="bbox 76 2815 1115 3654">
     <span class='ocr_line' id='line_1_25' title="bbox 79 2815 1095 2892; baseline 0.004 -18"><span class='ocrx_word' id='word_1_192' title='bbox 79 2820 110 2874; x_wconf 86' lang='lat' dir='ltr'>in</span> <span class='ocrx_word' id='word_1_193' title='bbox 128 2836 182 2873; x_wconf 77' lang='lat' dir='ltr'>ras.</span> <span class='ocrx_word' id='word_1_194' title='bbox 201 2826 268 2873; x_wconf 66' lang='lat' dir='ltr'>mn</span> <span class='ocrx_word' id='word_1_195' title='bbox 288 2819 320 2873; x_wconf 90' lang='lat' dir='ltr'>v.</span> <span class='ocrx_word' id='word_1_196' title='bbox 409 2826 432 2874; x_wconf 84' lang='lat'>9.</span> <span class='ocrx_word' id='word_1_197' title='bbox 454 2815 578 2875; x_wconf 68' lang='grc' dir='ltr'><strong><em>ἐλάσσων</em></strong></span> <span class='ocrx_word' id='word_1_198' title='bbox 597 2839 624 2890; x_wconf 88' lang='lat' dir='ltr'>p.</span> <span class='ocrx_word' id='word_1_199' title='bbox 712 2827 753 2875; x_wconf 90' lang='lat'>10.</span> <span class='ocrx_word' id='word_1_200' title='bbox 773 2821 838 2892; x_wconf 79' lang='grc' dir='ltr'>ΔΑ]</span> <span class='ocrx_word' id='word_1_201' title='bbox 858 2826 911 2875; x_wconf 78' lang='grc' dir='ltr'>ΑΔ</span> <span class='ocrx_word' id='word_1_202' title='bbox 930 2822 960 2877; x_wconf 90' lang='grc' dir='ltr'>Ρ.</span> <span class='ocrx_word' id='word_1_203' title='bbox 1054 2830 1095 2878; x_wconf 93' lang='lat'>11.</span> 
     </span>
     <span class='ocr_line' id='line_1_26' title="bbox 78 2886 1095 2962; baseline 0.004 -18"><span class='ocrx_word' id='word_1_204' title='bbox 78 2891 127 2961; x_wconf 80' lang='grc' dir='ltr'>τῇ]</span> <span class='ocrx_word' id='word_1_205' title='bbox 146 2890 196 2958; x_wconf 78' lang='grc' dir='ltr'>τῆς</span> <span class='ocrx_word' id='word_1_206' title='bbox 215 2911 245 2959; x_wconf 85' lang='grc' dir='ltr'>φ.</span> <span class='ocrx_word' id='word_1_207' title='bbox 323 2890 392 2960; x_wconf 86' lang='grc' dir='ltr'>ΔΘ]</span> <span class='ocrx_word' id='word_1_208' title='bbox 415 2890 558 2946; x_wconf 74' lang='lat' dir='ltr'>cirrus.</span> <span class='ocrx_word' id='word_1_209' title='bbox 577 2909 604 2960; x_wconf 88' lang='lat' dir='ltr'>p.</span> <span class='ocrx_word' id='word_1_210' title='bbox 684 2886 752 2962; x_wconf 78' lang='grc' dir='ltr'><strong>ἄρα]</strong></span> <span class='ocrx_word' id='word_1_211' title='bbox 773 2886 830 2960; x_wconf 71' lang='grc' dir='ltr'>ἄρα</span> <span class='ocrx_word' id='word_1_212' title='bbox 848 2894 900 2945; x_wconf 72' lang='grc' dir='ltr'>καί</span> <span class='ocrx_word' id='word_1_213' title='bbox 916 2912 942 2962; x_wconf 88' lang='lat' dir='ltr'>p.</span> <span class='ocrx_word' id='word_1_214' title='bbox 1017 2889 1095 2948; x_wconf 71' lang='lat' dir='ltr'>erue-</span> 
     </span>
     <span class='ocr_line' id='line_1_27' title="bbox 78 2956 1093 3103; baseline 0 -16"><span class='ocrx_word' id='word_1_215' title='bbox 78 2979 210 3087; x_wconf 67' lang='lat' dir='ltr'>{tet</span> <span class='ocrx_word' id='word_1_216' title='bbox 294 2956 595 3103; x_wconf 62' lang='lat' dir='ltr'>cereum:</span> <span class='ocrx_word' id='word_1_217' title='bbox 614 3052 641 3087; x_wconf 55' lang='grc' dir='ltr'>ῃ,</span> <span class='ocrx_word' id='word_1_218' title='bbox 666 2962 781 3086; x_wconf 53' lang='lat' dir='ltr'>list*</span> <span class='ocrx_word' id='word_1_219' title='bbox 801 2978 854 3087; x_wconf 61' lang='grc' dir='ltr'>Θ·</span> <span class='ocrx_word' id='word_1_220' title='bbox 874 2964 942 3100; x_wconf 54' lang='lat' dir='ltr'>lii</span> <span class='ocrx_word' id='word_1_221' title='bbox 988 2971 1028 3019; x_wconf 79' lang='lat'>¹⁶·</span> <span class='ocrx_word' id='word_1_222' title='bbox 1050 2966 1093 3056; x_wconf 44' lang='grc' dir='ltr'>ἵε]</span> 
     </span>
     <span class='ocr_line' id='line_1_28' title="bbox 78 3051 1095 3174; baseline 0.002 -18"><span class='ocrx_word' id='word_1_223' title='bbox 78 3121 105 3172; x_wconf 83' lang='lat' dir='ltr'>p.</span> <span class='ocrx_word' id='word_1_224' title='bbox 128 3073 133 3085; x_wconf 85' lang='lat'>&#39;</span> <span class='ocrx_word' id='word_1_225' title='bbox 164 3051 254 3172; x_wconf 72' lang='lat' dir='ltr'>13.th</span> <span class='ocrx_word' id='word_1_226' title='bbox 274 3103 346 3172; x_wconf 74' lang='lat' dir='ltr'>(art.)</span> <span class='ocrx_word' id='word_1_227' title='bbox 366 3074 650 3170; x_wconf 75' lang='lat' dir='ltr'>om.1³,m.&#39;100.’s.&#39;</span> <span class='ocrx_word' id='word_1_228' title='bbox 691 3077 734 3174; x_wconf 61' lang='lat' dir='ltr'>esi</span> <span class='ocrx_word' id='word_1_229' title='bbox 754 3121 808 3158; x_wconf 88' lang='lat' dir='ltr'>om.</span> <span class='ocrx_word' id='word_1_230' title='bbox 827 3053 893 3173; x_wconf 82' lang='lat' dir='ltr'>e&#39;p.⁰</span> <span class='ocrx_word' id='word_1_231' title='bbox 912 3053 1095 3171; x_wconf 56' lang='lat' dir='ltr'>‘iiiii’iil</span> 
     </span>
     <span class='ocr_line' id='line_1_29' title="bbox 78 3169 1092 3247; baseline 0.001 -20"><span class='ocrx_word' id='word_1_232' title='bbox 78 3175 182 3242; x_wconf 80' lang='grc' dir='ltr'><strong><em>γωνίας</em></strong></span> <span class='ocrx_word' id='word_1_233' title='bbox 199 3193 226 3243; x_wconf 93' lang='lat' dir='ltr'>p.</span> <span class='ocrx_word' id='word_1_234' title='bbox 309 3170 415 3244; x_wconf 79' lang='grc' dir='ltr'><strong><em>ὀξείας]</em></strong></span> <span class='ocrx_word' id='word_1_235' title='bbox 435 3190 488 3228; x_wconf 92' lang='lat' dir='ltr'>om.</span> <span class='ocrx_word' id='word_1_236' title='bbox 508 3174 544 3239; x_wconf 77' lang='lat' dir='ltr'>B3</span> <span class='ocrx_word' id='word_1_237' title='bbox 568 3182 635 3229; x_wconf 65' lang='grc' dir='ltr'><em>Μ</em></span> <span class='ocrx_word' id='word_1_238' title='bbox 655 3175 687 3229; x_wconf 89' lang='lat' dir='ltr'>V.</span> <span class='ocrx_word' id='word_1_239' title='bbox 772 3180 814 3228; x_wconf 81' lang='lat'>21.</span> <span class='ocrx_word' id='word_1_240' title='bbox 836 3169 910 3229; x_wconf 73' lang='grc' dir='ltr'><strong><em>ἐστιν</em></strong></span> <span class='ocrx_word' id='word_1_241' title='bbox 929 3175 958 3228; x_wconf 95' lang='grc' dir='ltr'>Ρ.</span> <span class='ocrx_word' id='word_1_242' title='bbox 1039 3177 1092 3247; x_wconf 78' lang='grc' dir='ltr'><strong><em>τις]</em></strong></span> 
     </span>
     <span class='ocr_line' id='line_1_30' title="bbox 78 3241 1093 3369; baseline 0.001 -71"><span class='ocrx_word' id='word_1_243' title='bbox 78 3260 132 3301; x_wconf 89' lang='lat' dir='ltr'>om.</span> <span class='ocrx_word' id='word_1_244' title='bbox 151 3263 238 3314; x_wconf 81' lang='lat' dir='ltr'>p3m.</span> <span class='ocrx_word' id='word_1_245' title='bbox 258 3259 312 3300; x_wconf 87' lang='lat' dir='ltr'>rec.</span> <span class='ocrx_word' id='word_1_246' title='bbox 332 3245 363 3297; x_wconf 91' lang='lat' dir='ltr'>B.</span> <span class='ocrx_word' id='word_1_247' title='bbox 428 3245 606 3369; x_wconf 52' lang='grc' dir='ltr'>Ἀτεὲοω.</span> <span class='ocrx_word' id='word_1_248' title='bbox 626 3266 652 3316; x_wconf 90' lang='lat' dir='ltr'>p.</span> <span class='ocrx_word' id='word_1_249' title='bbox 713 3245 774 3314; x_wconf 89' lang='lat' dir='ltr'>BA]</span> <span class='ocrx_word' id='word_1_250' title='bbox 794 3249 843 3297; x_wconf 86' lang='lat' dir='ltr'>AB</span> <span class='ocrx_word' id='word_1_251' title='bbox 863 3264 890 3314; x_wconf 91' lang='lat' dir='ltr'>p.</span> <span class='ocrx_word' id='word_1_252' title='bbox 951 3252 993 3299; x_wconf 78' lang='lat'>23.</span> <span class='ocrx_word' id='word_1_253' title='bbox 1014 3241 1093 3299; x_wconf 76' lang='grc' dir='ltr'><em>ἐλάσ-</em></span> 
     </span>
     <span class='ocr_line' id='line_1_31' title="bbox 79 3310 1091 3387; baseline 0.002 -19"><span class='ocrx_word' id='word_1_254' title='bbox 79 3331 136 3368; x_wconf 77' lang='grc' dir='ltr'>σων</span> <span class='ocrx_word' id='word_1_255' title='bbox 153 3316 184 3369; x_wconf 69' lang='grc' dir='ltr'>Γ.</span> <span class='ocrx_word' id='word_1_256' title='bbox 257 3321 299 3371; x_wconf 78' lang='lat'>24.</span> <span class='ocrx_word' id='word_1_257' title='bbox 319 3334 348 3369; x_wconf 77' lang='grc' dir='ltr'>τε</span> <span class='ocrx_word' id='word_1_258' title='bbox 368 3315 430 3386; x_wconf 83' lang='grc' dir='ltr'><strong><em>τῆς]</em></strong></span> <span class='ocrx_word' id='word_1_259' title='bbox 450 3332 503 3369; x_wconf 91' lang='lat' dir='ltr'>om.</span> <span class='ocrx_word' id='word_1_260' title='bbox 547 3317 622 3385; x_wconf 72' lang='grc' dir='ltr'>ςτῇς</span> <span class='ocrx_word' id='word_1_261' title='bbox 640 3334 667 3387; x_wconf 91' lang='lat' dir='ltr'>p.</span> <span class='ocrx_word' id='word_1_262' title='bbox 740 3320 784 3369; x_wconf 77' lang='lat'>25.</span> <span class='ocrx_word' id='word_1_263' title='bbox 803 3310 905 3387; x_wconf 77' lang='grc' dir='ltr'>τόπον]</span> <span class='ocrx_word' id='word_1_264' title='bbox 926 3333 1011 3385; x_wconf 85' lang='lat' dir='ltr'>supra</span> <span class='ocrx_word' id='word_1_265' title='bbox 1030 3323 1091 3370; x_wconf 94' lang='lat' dir='ltr'>m.1</span> 
     </span>
     <span class='ocr_line' id='line_1_32' title="bbox 78 3381 1093 3457; baseline 0.004 -21"><span class='ocrx_word' id='word_1_266' title='bbox 78 3383 108 3437; x_wconf 92' lang='lat' dir='ltr'>P.</span> <span class='ocrx_word' id='word_1_267' title='bbox 181 3390 224 3440; x_wconf 75' lang='lat'>26.</span> <span class='ocrx_word' id='word_1_268' title='bbox 245 3381 362 3457; x_wconf 75' lang='grc' dir='ltr'><strong>εὐθεῖα]</strong></span> <span class='ocrx_word' id='word_1_269' title='bbox 382 3403 435 3440; x_wconf 90' lang='lat' dir='ltr'>om.</span> <span class='ocrx_word' id='word_1_270' title='bbox 456 3405 488 3456; x_wconf 87' lang='lat' dir='ltr'>p;</span> <span class='ocrx_word' id='word_1_271' title='bbox 507 3403 616 3442; x_wconf 85' lang='lat' dir='ltr'>m..rec.</span> <span class='ocrx_word' id='word_1_272' title='bbox 627 3386 659 3442; x_wconf 91' lang='lat' dir='ltr'>B.</span> <span class='ocrx_word' id='word_1_273' title='bbox 732 3381 849 3454; x_wconf 64' lang='lat' dir='ltr'>etesia,</span> <span class='ocrx_word' id='word_1_274' title='bbox 868 3381 930 3455; x_wconf 78' lang='grc' dir='ltr'>ἥτις</span> <span class='ocrx_word' id='word_1_275' title='bbox 948 3405 974 3456; x_wconf 89' lang='lat' dir='ltr'>p.</span> <span class='ocrx_word' id='word_1_276' title='bbox 1049 3394 1093 3443; x_wconf 70' lang='lat'>28.</span> 
     </span>
     <span class='ocr_line' id='line_1_33' title="bbox 76 3451 1115 3529; baseline -0.009 -19"><span class='ocrx_word' id='word_1_277' title='bbox 76 3451 147 3527; x_wconf 74' lang='grc' dir='ltr'>ὑπό]</span> <span class='ocrx_word' id='word_1_278' title='bbox 167 3452 219 3525; x_wconf 76' lang='grc' dir='ltr'>τὴν</span> <span class='ocrx_word' id='word_1_279' title='bbox 236 3453 294 3511; x_wconf 76' lang='grc' dir='ltr'>ὑπό</span> <span class='ocrx_word' id='word_1_280' title='bbox 313 3457 344 3525; x_wconf 87' lang='grc' dir='ltr'>Β,</span> <span class='ocrx_word' id='word_1_281' title='bbox 364 3451 420 3510; x_wconf 77' lang='grc' dir='ltr'>ὑπό</span> <span class='ocrx_word' id='word_1_282' title='bbox 439 3476 468 3510; x_wconf 81' lang='lat' dir='ltr'>cr</span> <span class='ocrx_word' id='word_1_283' title='bbox 488 3457 510 3510; x_wconf 84' lang='lat' dir='ltr'>F</span> <span class='ocrx_word' id='word_1_284' title='bbox 529 3459 568 3527; x_wconf 81' lang='grc' dir='ltr'>(τε</span> <span class='ocrx_word' id='word_1_285' title='bbox 589 3460 680 3529; x_wconf 68' lang='lat' dir='ltr'>eres).</span> <span class='ocrx_word' id='word_1_286' title='bbox 745 3453 806 3511; x_wconf 70' lang='lat' dir='ltr'>iret</span> <span class='ocrx_word' id='word_1_287' title='bbox 826 3453 956 3510; x_wconf 56' lang='lat' dir='ltr'>cesos-0</span> <span class='ocrx_word' id='word_1_288' title='bbox 976 3471 1115 3515; x_wconf 47' lang='lat' dir='ltr'>sequeus-</span> 
     </span>
     <span class='ocr_line' id='line_1_34' title="bbox 79 3514 1106 3654; baseline -0.008 -73"><span class='ocrx_word' id='word_1_289' title='bbox 79 3525 180 3598; x_wconf 77' lang='grc' dir='ltr'>μὲνην]</span> <span class='ocrx_word' id='word_1_290' title='bbox 200 3544 253 3582; x_wconf 92' lang='lat' dir='ltr'>om.</span> <span class='ocrx_word' id='word_1_291' title='bbox 272 3545 299 3597; x_wconf 91' lang='lat' dir='ltr'>p.</span> <span class='ocrx_word' id='word_1_292' title='bbox 373 3526 601 3603; x_wconf 61' lang='lat' dir='ltr'>ueprexoploovl</span> <span class='ocrx_word' id='word_1_293' title='bbox 618 3551 649 3586; x_wconf 81' lang='grc' dir='ltr'>-ν</span> <span class='ocrx_word' id='word_1_294' title='bbox 667 3547 710 3584; x_wconf 88' lang='lat' dir='ltr'>m.</span> <span class='ocrx_word' id='word_1_295' title='bbox 721 3535 744 3583; x_wconf 68' lang='lat' dir='ltr'>‘t</span> <span class='ocrx_word' id='word_1_296' title='bbox 755 3527 808 3592; x_wconf 49' lang='lat' dir='ltr'>‘lg</span> <span class='ocrx_word' id='word_1_297' title='bbox 824 3514 1106 3654; x_wconf 46' lang='lat' dir='ltr'>ueouetopssrnst·</span> 
     </span>
    </p>
   </div>
   <div class='ocr_carea' id='block_1_6' title="bbox 0 0 1182 3818">
    <p class='ocr_par' dir='ltr' id='par_1_9' title="bbox 0 0 1182 3818">
     <span class='ocr_line' id='line_1_35' title="bbox 0 0 1182 3818; baseline 0 1"><span class='ocrx_word' id='word_1_298' title='bbox 0 0 1182 3818; x_wconf 95' lang='lat' dir='ltr'> </span> 
     </span>
    </p>
   </div>
  </div>
 </body>
</html>
