2356 3818
514 1019 629 1105 Ὅροι.

138 1146 181 1215 α’.
214 1149 293 1215 Πᾶν
330 1144 679 1235 παραλληλόγραμμον
717 1143 932 1232 ὀρθογώνιον
974 1166 1084 1232 περι-

68 1255 232 1340 ἔχεσθαι
251 1253 380 1339 λέγεται
398 1249 463 1321 ὑπὸ
479 1251 541 1322 δύο
560 1257 628 1321 τών
642 1251 704 1341 τὴν
724 1249 836 1339 ὀρθὴν
850 1256 979 1337 γωνίαν
993 1272 1084 1339 περι-

67 1363 218 1446 εχονσών
240 1356 395 1428 εὐθειῶν.

33 1481 49 1528 5
135 1465 179 1550 β’.
217 1464 352 1546 Παντὸς
394 1465 431 1540 θλ
467 1465 817 1556 παραλληλογράμμου
852 1469 978 1554 χωρίον
1014 1469 1083 1532 τών

68 1572 143 1659 περὶ
183 1571 246 1658 τὴν
287 1573 467 1661 διάμετρον
509 1570 615 1642 αὐτοῦ
651 1570 1008 1662 παραλληλογράμμων
1045 1574 1083 1638 ἓν

69 1673 252 1747 ὁποιονοῦν
267 1677 416 1760 οὖντοῖς
435 1681 513 1748 ὃνσλ
529 1679 817 1769 παραπληρώμασι
840 1677 1007 1764 γνώμων
1025 1703 1083 1743 αα-

68 1788 201 1851 λείσθω.

578 1873 587 1897 ι

553 1901 597 1942 α.

15 2010 49 2058 10
131 1993 220 2065 Ἐὰν
257 1989 329 2065 ώσι
362 1996 434 2065 δύο
467 1994 639 2084 εὐθεῖαι,
675 2001 807 2088 τμηθῇ
838 1998 882 2067 δὲ
915 1993 936 2085 ἡ
970 1995 1084 2082 ἑτέρα

66 2098 197 2170 αὐτῶν
238 2107 295 2183 είς
336 2101 616 2191 ὁσαδηποτοῦν
653 2104 849 2192 τμήματα,
890 2102 932 2196 τὸ
974 2125 1083 2205 πρρι-

66 2206 259 2293 εχόμενον
299 2206 554 2296 ὀρθογώνιον
586 2208 661 2279 ὑπὸ
693 2214 770 2279 τών
803 2210 875 2280 δύο
909 2202 1083 2279 εὐθειῶν

11 2332 15 2338 ’
67 2320 156 2381 ἴσον
189 2315 270 2382 ἐστὶ
297 2329 381 2395 τοῖς
407 2314 482 2385 ὑπό
510 2344 549 2385 τε
582 2322 648 2404 τῆς
683 2316 857 2406 ἀτμήτου
891 2317 955 2385 καὶ
992 2314 1080 2384 ἑκώ-

66 2419 1082 2510 στοντώντμημώτωνπεριεχομένοιςὀρθογωνίοις.

14 2540 46 2588 15
125 2524 301 2596 Ἔστωσαν
325 2527 387 2596 δίο
412 2525 543 2597 εὐθεῖαι
566 2531 604 2595 αί
621 2538 663 2613 A,
686 2535 758 2615 ΒΓ,
781 2530 836 2596 καὶ
860 2528 1036 2615 τετμήσθω
1060 2527 1082 2617 ἡ

67 2640 145 2720 ΒΓ,
169 2633 215 2715 ώς
237 2640 367 2723 ἔτυχεν,
394 2632 542 2702 κατὰτὰ
566 2641 614 2720 Δ,
638 2643 670 2702 Β
691 2648 822 2723 σημεῖα·
845 2635 942 2723 λέγω,
968 2632 1020 2702 ὅτι
1042 2633 1082 2703 τὸ

65 2735 132 2807 ὑπὸ
156 2743 225 2808 τών
247 2750 294 2824 A,
322 2745 389 2807 ΒΓ
411 2739 649 2827 περιεχομένον
672 2737 887 2829 ὀρθογώνιον
911 2749 987 2808 ίσον
1012 2742 1083 2808 ἐστὶ

65 2849 111 2934 τῷ
140 2870 174 2912 τε
202 2843 268 2912 ὑπὸ
296 2848 365 2914 τών
388 2854 434 2931 A,
463 2853 531 2913 BA
553 2847 775 2938 περιεχομένῳ
801 2844 1000 2938 ὀρθογωνίῳ
1024 2849 1081 2915 καὶ

65 2954 110 3040 τῷ
134 2948 201 3019 ὑπὸ
224 2953 292 3018 τών
315 2960 358 3037 A,
382 2958 454 3018 ΔΕ
473 2952 528 3019 καὶ
552 2957 600 3020 ἔτι
622 2957 667 3043 τῷ
691 2951 756 3020 ὑπὸ
780 2957 848 3021 τών
871 2962 913 3038 A,
937 2958 1007 3021 ΒΓ.

65 3098 172 3106 .----
177 3097 279 3105 »m—-n

136 3163 198 3219 Def.
215 3170 238 3218 1.
264 3165 339 3220 Hero
359 3164 414 3220 def.
434 3169 477 3220 57.
505 3164 620 3221 Boetius
638 3183 665 3233 p.
680 3170 744 3232 378,
756 3171 779 3219 8.
870 3165 932 3221 Des.
953 3173 977 3220 2.
1004 3168 1081 3224 Hero

66 3234 120 3290 def.
140 3239 181 3288 58.
211 3233 325 3290 Proclus
343 3234 374 3289 in
391 3233 462 3290 Tim.
482 3237 548 3291 83d.
576 3236 690 3291 Boetius
709 3242 865 3305 p.378,11.
956 3237 1037 3307 Prop.
1058 3241 1081 3294 Ι.

67 3305 200 3361 Eutooius
220 3305 250 3360 in
268 3306 391 3362 Arc-him.
411 3306 609 3376 111p.40,29.
629 3313 725 3377 256,‘1.
753 3307 867 3364 Boetius
886 3327 912 3378 p.
928 3313 989 3376 385,
999 3315 1023 3362 4.

65 3416 127 3424 -—
134 3419 171 3426 ψ...
181 3418 279 3425 .-..-.--ι

133 3478 294 3537 Εὐκλείδου
314 3483 458 3551 στοιχείων
477 3479 613 3551 δεύτερον
636 3484 671 3550 Β;
705 3479 863 3540 Εὐκλείδαν
883 3480 915 3539 ἐκ
933 3486 983 3554 τῆς
1002 3486 1082 3542 Θέω-

43 3564 100 3606 νος
120 3545 271 3614 ἐκδοθιως
293 3554 444 3622 στοιγείων
462 3550 598 3625 θοώτερον
617 3553 657 3622 λίς
691 3550 847 3611 Βόαλειθον
866 3558 1011 3624 στοιχείων
1029 3559 1082 3628 τῆς
1121 3571 1124 3575 ’
1143 3608 1148 3617 ,
