2356 3818
106 154 172 221 298
483 107 689 209 {wlmari
707 151 746 211 δ’.

105 304 182 383 ἴση·
204 295 261 364 καὶ
283 293 304 383 ἡ
324 302 385 366 ΓΑ
402 294 469 385 ἄρα
488 300 528 386 τῇ
544 302 606 366 ΓΔ
624 297 716 365 ἐστιν
739 304 812 384 ἴση·
837 294 921 366 ὥστε
943 297 999 365 καῖ
1017 302 1126 384 γωνία
1166 274 1172 289 ’

105 399 127 488 ἡ
150 399 217 471 ὑπὸ
244 409 344 471 ΓΔΑ
367 408 475 495 γωνία
496 406 537 492 τῇ
560 399 626 472 ὑπὸ
651 408 757 472 ΔΑΓ
776 405 869 472 ἐστιν
891 411 965 489 ἴση·
1000 405 1039 470 αἴ
1060 402 1126 492 ἄρα

105 504 172 577 ὑπὸ
205 516 321 595 ΓΔΑ,
347 515 455 577 ΔΑΓ
486 511 545 596 τῆς
582 505 650 576 ὑπὸ
684 516 791 578 ΔΑΓ
820 513 884 579 είσι
915 514 1125 592 διπλασίους.

107 621 163 701 ἴση
197 614 235 683 δὲ
266 612 287 702 ἡ
324 611 391 683 ὑπὸ
424 621 522 684 ΒΓΔ
553 627 626 695 ταῖς
663 611 729 683 ὑπὸ
762 621 880 701 ΓΔΑ,
912 623 1034 686 ΔΑΓ·
1070 616 1126 685 καῖ

70 718 128 807 σὴ
159 718 226 790 ὑπὸ
260 727 358 790 ΒΓΔ
389 719 455 809 ἄρα
486 726 546 808 τῆς
575 718 643 790 ὑπὸ
676 728 777 791 ΓΑΔ
809 723 877 792 ἐστι
909 725 1021 810 διπλῆ.
1068 729 1124 810 ἴση

107 825 146 895 δὲ
167 823 189 914 ἡ
213 824 279 896 ὑπὸ
303 833 402 896 ΒΓΔ
424 827 563 918 ἑκατέρᾳ
584 832 655 897 τῶν
676 825 743 897 ὑπὸ
766 835 883 923 ΒΔΑ,
907 835 1027 898 ΔΒΑ·
1068 829 1125 898 καὶ

107 932 245 1021 ἑκατέρα
277 923 438 1020 άριίτῶν
464 931 530 1001 ὑπὸ
553 941 673 1020 ΒΔΑ,
707 940 812 1002 ΔΒΑ
838 938 897 1022 τῆς
923 932 989 1004 ὑπὸ
1019 942 1124 1005 ΔΑΒ

107 1040 176 1106 ἐστι
200 1040 330 1124 διπλῆ.4

144 1133 149 1144 ’
170 1141 352 1222 Ἰσοσκελὲς
374 1139 441 1229 άρα
460 1147 628 1230 τρίγωνον
647 1144 846 1212 συνέσταται
863 1142 901 1212 τὸ
919 1149 1027 1212 ΑΒΔ
1044 1148 1123 1232 ἔχον

53 1267 88 1316 10
107 1249 265 1335 ἑκατέραν
294 1250 363 1315 τῶν
384 1245 469 1336 πρὸς
491 1250 531 1336 τῇ
555 1255 622 1315 ΔΒ
645 1246 741 1333 βάσει
764 1253 899 1336 γωνιῶν
922 1253 1124 1320 διπλασίονα

106 1358 165 1440 τῆς
187 1355 317 1440 λοιπῆς·
341 1350 422 1441 ὅπερ
447 1358 515 1423 ἔδει
537 1357 684 1441 ποιῆσαι.

586 1575 648 1617 ιιι.

173 1677 244 1752 Εἴς
269 1671 340 1741 τὸν
375 1673 548 1741 δοθίντα
579 1671 728 1740 κύκλον
755 1672 1011 1758 πεντάγωνον
1040 1671 1123 1741 ἴσό-

106 1778 281 1867 πλευρύν
303 1804 343 1846 τε
365 1778 431 1846 καί
454 1778 673 1866 ίσογάνιον
696 1779 901 1867 ἐγγράψαι.

54 1901 87 1950 15
163 1882 271 1951 Ἔστω
294 1882 312 1953 ὁ
334 1884 450 1965 δοθεὶς
468 1885 590 1964 κύκλος
608 1882 626 1953 ὁ
646 1891 837 1953 ΑΒΓΔΕ·
861 1889 915 1953 δελ
932 1883 974 1971 δὴ
994 1887 1042 1965 είς
1060 1875 1122 1954 τύν

105 1996 276 2058 ΑΒΓΔΕ
302 1989 428 2059 κύκλον
450 1990 667 2077 πεντάγωνον
691 1989 893 2078 ίσόπλενρύν
915 2016 951 2058 τε
973 1991 1029 2058 καῖ
1053 1995 1124 2059 ἴσο-

105 2095 233 2182 γάνιον
256 2095 430 2184 ἐγγράψαι.

67 2267 68 2270 ,
169 2199 350 2270 Ἐκκείσθω
373 2208 540 2291 τρίγωνον
559 2201 727 2281 ἰσοσκελὲς
745 2199 782 2270 τὸ
801 2208 872 2269 ΖΗ
874 2210 903 2270 Θ
920 2205 1124 2271 διπλασίονα

106 2310 184 2392 ἔχον
208 2307 366 2395 ἑκατέραν
389 2312 457 2376 τῶν
480 2307 563 2396 πρὸς
585 2321 656 2388 τοῖς
682 2315 725 2393 H,
748 2315 777 2375 Θ
798 2310 933 2393 γωνιῶν
954 2311 1013 2394 τῆς
1036 2304 1140 2394 πρὸς

53 2428 89 2476 20
107 2416 153 2501 τῷ
177 2419 220 2498 Ζ,
248 2411 304 2478 καὶ
329 2411 550 2498 ἐγγεγράφθω
580 2417 627 2492 είς
649 2412 709 2481 τὸν
732 2418 904 2480 ΑΒΓΔΕ
924 2411 1051 2482 κύκλον
1074 2417 1121 2506 τῷ

106 2523 209 2590 ΖΗΘ
243 2515 394 2606 τριγώνῳ
424 2517 607 2603 ἴσογάνιον
633 2524 800 2605 τρίγωνον
827 2517 865 2587 τὸ
890 2524 1005 2604 ΑΓΔ,
1037 2516 1123 2588 ὥστε

105 2627 145 2713 τῇ
173 2623 234 2710 μὲν
261 2620 345 2710 πρὸς
374 2626 418 2715 τῷ
444 2631 472 2691 Ζ
494 2628 602 2714 γωνίᾳ
625 2633 703 2711 ἴσην
726 2621 813 2691 εἶναι
836 2621 898 2711 τὴν
920 2622 987 2692 ὑπὸ
1009 2630 1122 2710 ΓΑΔ,

106 2730 266 2818 ἑκατέραν
294 2728 332 2796 δῖ
357 2732 427 2799 τῶν
454 2727 538 2817 πρὸς
564 2743 635 2810 τοῖς
657 2738 707 2816 Η,
741 2737 769 2796 Θ
792 2738 870 2816 ἴσην
893 2729 1031 2822 ἑκατέρᾳ
1052 2733 1123 2799 τῶν

176 2906 222 2960 XI.
241 2905 357 2961 Boetius
374 2924 402 2975 p.
417 2911 479 2976 389,
491 2912 532 2962 10.

178 3073 201 3121 1.
223 3065 282 3137 ΓΑ]
302 3066 361 3133 Ρφ,
380 3064 406 3118 V
424 3067 454 3120 in
471 3082 525 3121 ras.
544 3083 580 3120 m.
596 3071 627 3131 23
648 3068 701 3119 ΑΓ
715 3064 771 3135 Bp.
845 3071 870 3119 2.
890 3065 992 3139 γωνίᾳ]
1012 3079 1067 3120 om.
1087 3065 1121 3122 V.

105 3144 130 3192 3.
146 3137 246 3208 ΔΑΓ]
266 3136 338 3206 (alt.)
357 3138 388 3205 P,
407 3137 429 3190 Γ
449 3138 544 3205 (supra
557 3142 634 3191 ωλι
655 3138 757 3202 ΓΔΑ),
775 3133 802 3188 V
820 3135 849 3190 in
867 3152 921 3192 ras.
940 3153 976 3193 m.
991 3141 1021 3203 λς
1042 3139 1121 3191 ΓΑΔ

104 3209 159 3278 Bp.
229 3204 373 3262 διπλάσιοι
390 3207 421 3264 F.
494 3211 518 3263 4.
537 3207 584 3278 δέ]
605 3204 636 3260 δὲ
656 3208 708 3261 καί
723 3206 757 3262 V.
830 3203 862 3278 ἡ]
882 3223 967 3277 supra.
984 3224 1021 3261 m.
1036 3213 1053 3261 λ
1071 3205 1102 3263 P.

106 3279 196 3348 ΓΔΑ]
216 3278 280 3346 Ρη,
308 3279 338 3332 in
355 3294 409 3332 ras.
429 3283 496 3332 m.2
515 3276 553 3343 V;
583 3281 661 3331 ΓΑΔ
679 3276 734 3347 Bp.
808 3278 909 3349 ΔΑΓ]
929 3280 1008 3332 ΓΔΑ
1026 3276 1085 3348 Bp.

104 3349 171 3421 καί]
191 3349 275 3418 διπλῆ
293 3344 349 3417 άρα
368 3347 425 3418 Bp.
515 3353 540 3402 5.
560 3343 629 3419 ἄρα]
650 3364 704 3404 om.
722 3349 778 3417 Bp.
853 3347 943 3420 ΓΑΔ]
962 3348 993 3402 in
1010 3365 1064 3404 ras.
1085 3347 1121 3416 V,

106 3423 133 3473 Γ
148 3436 164 3475 e
183 3435 252 3475 corr.
271 3419 301 3474 Γ.
381 3415 457 3475 ἐστιν
475 3418 535 3487 ΡΒ,
554 3435 645 3488 comp.
664 3424 706 3488 μ’
774 3419 871 3490 διπλῆ]
891 3435 945 3475 om.
964 3419 1019 3488 Bp.
1095 3426 1120 3476 ἴ.

98 3490 169 3560 καί]
187 3507 241 3545 om.
261 3489 292 3548 P.
369 3497 392 3548 ἴ.
414 3490 508 3563 ΔΑΒ]
527 3493 608 3545 ΒΑΔ
625 3490 656 3548 Ρ.
710 3496 735 3544 9.
756 3490 919 3545 συνίσταται
937 3489 971 3546 V.
1027 3491 1118 3562 ΑΒΔ]
