2356 3818
87 163 129 229 76
368 157 372 164 ¹
463 164 667 217 ΣΤΟΙΧΕΙΩΝ
685 160 725 219 α’.
784 184 786 188 ⁴

152 306 321 393 Εἰλήφθω
351 304 405 374 ἐπὶ
429 311 488 393 τῆς
511 311 578 373 ΒΓ
601 303 704 392 τυχὸν
735 318 874 392 σημείου
902 303 940 373 τὸ
965 314 1013 393 Δ,
1044 305 1101 373 καί

85 409 271 500 ἐπεζεύχθω
295 409 402 498 ήΑΔ
412 434 419 448 ·
442 409 712 483 καλ.συνεστάτω
735 411 819 500 πρὸς
836 414 876 500 τῇ
895 419 928 477 Δ
933 420 965 478 Α
983 411 1102 503 εὐθείᾳ

85 519 209 610 καὶτῷ
232 517 316 607 πρὸς
339 516 423 607 αὐτή
447 523 571 611 σημείῳ
595 521 640 611 τῷ
664 527 698 585 A
718 522 758 606 τῇ
781 515 848 586 ὑπὸ
868 525 975 586 ΑΔΓ
993 525 1101 609 γωνία

87 632 142 711 ίση
172 623 192 710 ἡ
223 622 293 692 ὑπὸ
322 631 444 692 ΔΑΒ·
474 624 530 691 καί
560 620 777 710 ἐκβεβλήσθω
808 621 860 691 ἐπ’
893 621 1030 703 εὐθείας
1059 629 1099 712 τῇ

52 739 155 799 ὔΒΑ
177 728 295 798 εὐθεῖα
317 727 338 817 ή
363 738 435 799 ΑΖ.

155 837 223 904 Καί
247 837 317 904 ἐπεὶ
340 840 388 916 είς
410 836 474 905 δύο
498 834 633 917 εὐθείας
653 836 712 917 τὰς
729 843 803 922 ΒΓ,
821 843 889 904 ἘΖ
909 833 1101 923 εὐθεῖα“ἐμ-

20 959 24 966 ’
86 949 253 1012 πίπτουσα
280 941 301 1030 ή
325 952 396 1012 ΑΛ
413 942 473 1023 τὰς
501 942 642 1024 ἐναλλὰξ
665 948 792 1029 γωνίας
813 941 871 1024 τὰς
893 940 960 1011 ὑπὸ
984 950 1101 1028 ΕΑΔ,

86 1058 158 1119 ΑΔ
164 1056 196 1117 Γ
215 1058 288 1129 ίσας
306 1047 465 1136 ἀλλήλαις
482 1053 673 1136 πεποίηκεν,
696 1049 909 1137 παράλληλος
927 1048 994 1139 ἀρα
1012 1051 1103 1118 ἐστίν

87 1154 108 1243 ή
132 1163 231 1224 ΕΑΖ
256 1161 295 1244 τῇ
320 1161 390 1223 ΒΓ.

34 1273 69 1322 10
156 1261 227 1331 Διά
250 1266 312 1330 τοῦ
335 1262 498 1340 δοθέντος
520 1258 587 1349 ἀρα
611 1267 751 1347 σημείου
773 1265 835 1329 τοῦ
850 1270 883 1328 Α
900 1265 940 1350 τή
961 1266 1102 1350 δοθείσῃ

87 1367 208 1459 εάθείηι
240 1372 280 1458 τῇ
309 1374 376 1438 ΒΓ
403 1366 615 1456 παράλληλος
646 1363 763 1434 εὐθεῖα
792 1365 926 1456 γραμμή
956 1359 1053 1453 ήκται
1081 1365 1102 1454 ἡ

89 1482 206 1544 ΕΑΖ·
230 1473 312 1563 ὅπερ
336 1478 403 1543 ἔδει
425 1477 574 1560 ποιήσαι.

559 1666 632 1753 λβ’.

155 1791 314 1873 Παντὸς
331 1791 541 1882 ,τριγώνου
566 1795 658 1878 μιᾶς
679 1794 758 1860 τοῖν
780 1796 962 1880 πλευρῶν
985 1812 1103 1881 προσ-

37 1904 356 1986 15εκβληθείσης
392 1895 413 1984 ἡ
447 1896 558 1977 ἐκτὸς
590 1902 716 1983 γωνία
749 1896 841 1964 δνσὶ
872 1911 958 1978 ταῖς
992 1897 1105 1980 ἐντὸς

54 2035 55 2039 ’
88 2006 153 2073 καί
186 2002 430 2073 ἀπεναντίον
463 2012 527 2088 ίση
561 2005 684 2090 ἐστίν,
717 2002 787 2070 καί
820 2006 862 2069 αί
892 2001 1003 2084 ἐντὸς
1033 2009 1104 2073 τοῦ

88 2110 289 2198 τριγώνου
306 2121 413 2197 τρεῖς
430 2113 574 2196 γωνίαι
594 2107 715 2177 δυσίν
735 2105 879 2198 ὀρθαῖς
893 2118 975 2177 ίσαι
990 2113 1104 2178 είσίν.

147 2214 256 2285 Ἔστω
288 2221 455 2304 τρίγωνον
487 2212 525 2282 τὸ
558 2220 668 2299 ΑΒΓ,
705 2215 761 2282 καί
798 2214 1101 2302 προσεκβεβλήσθω

90 2321 195 2391 αὐτοῦ
219 2328 278 2409 μία
301 2318 428 2407 πλευρὰ
451 2317 553 2407 ήΒΓ
572 2321 624 2387 ἐπὶ
647 2319 685 2388 τὸ
701 2330 747 2388 Δ·
770 2321 867 2407 λέγω,
892 2319 943 2389 ὅτι
967 2319 987 2407 ἡ
1013 2320 1107 2402 ἐκτὸς

37 2446 73 2497 20
92 2433 200 2518 γωνία
222 2424 243 2514 ή
267 2424 334 2494 ὑπὸ
358 2431 458 2492 ΑΓΔ
481 2434 535 2511 ίση
560 2425 629 2493 ἐστί
654 2426 732 2492 δυσί
754 2438 826 2505 ταῖς
850 2424 945 2506 ἐντὸς
966 2429 1022 2494 καὶ
1044 2425 1105 2495 ἀπ-

91 2539 246 2604 εναντίον
270 2545 342 2611 ταῖς
363 2527 429 2598 ὑπὸ
449 2535 553 2616 ΓΑΒ,
578 2536 686 2617 ΑΒΓ,
706 2531 761 2597 καί
785 2533 823 2598 αί
844 2529 937 2611 ἐντὸς
957 2537 1019 2600 τοῦ
1038 2559 1106 2621 τρι-

90 2640 204 2729 γοίνου
231 2652 320 2726 τρεῖς
342 2641 462 2725 γωνίαι
491 2632 528 2702 αί
542 2632 615 2703 ’ὑπὸ
635 2642 744 2723 ΑΒΓ,
767 2643 873 2724 ΒΓΑ,
897 2644 990 2707 ΓΑΒ
1005 2639 1106 2706 δυσίν

92 2746 213 2836 ὀρθαῖς
236 2753 305 2812 ίσαι
329 2746 424 2813 είσίν.

149 2851 268 2940 Ἤχθω
300 2846 365 2937 γάρ
398 2846 454 2915 διὰ
488 2852 550 2916 τοῦ
582 2854 614 2916 Γ
642 2854 782 2935 σημείου
815 2853 854 2939 τή
889 2859 954 2919 ΑΒ
988 2847 1097 2942 εὐθεί,

41 2976 75 3025 ιι
94 2958 305 3048 παράλληλος
327 2954 348 3043 ἡ
372 2961 443 3023 PE.

162 3134 273 3188 XXXII.
292 3133 369 3187 Alex.
380 3131 504 3202 Aphrod.
518 3132 549 3186 in
562 3134 620 3201 λος).
635 3151 662 3202 p.
676 3138 717 3187 11.
738 3131 863 3201 Simplic.
874 3132 904 3185 in
913 3133 994 3202 phys.
1005 3133 1054 3190 fol.
1065 3141 1106 3190 14.

91 3207 200 3276 Philop.
220 3206 250 3260 in
269 3204 341 3258 anal.
361 3202 387 3257 ΙΙ
404 3222 431 3274 p.
447 3208 489 3259 65,
526 3202 635 3258 Psellus
653 3222 681 3273 p.
700 3209 744 3259 40.
781 3203 895 3259 Boetius
913 3221 941 3273 p.
956 3208 1017 3273 383,
1028 3211 1052 3260 8.

92 3314 306 3327 --————-—

164 3374 189 3422 3.
208 3361 295 3437 αὐτῇ]
315 3361 405 3432 αάτήν
424 3364 454 3419 F.
528 3363 580 3433 τῷ]
601 3379 685 3432 supra
703 3368 770 3416 m.1
791 3362 820 3417 P.
894 3367 919 3416 4.
937 3363 984 3434 τή]
1002 3362 1037 3428 Β;
1057 3364 1107 3432 τής

91 3437 187 3505 uulgo.
279 3443 302 3489 ο.
324 3435 389 3505 ΕΑ]
408 3434 439 3488 in
456 3449 508 3488 ras.
527 3434 562 3489 V.
653 3439 678 3489 6.
697 3432 765 3503 ΒΓ]
786 3449 856 3487 corr.
876 3449 909 3487 ex
929 3436 979 3487 ΓΒ
998 3433 1035 3500 V3
1056 3437 1106 3487 ΓΒ

70 3505 155 3569 Bhp.
227 3502 347 3576 λύπρ’]
363 3523 420 3575 mg.
440 3523 476 3562 m.
497 3520 552 3561 rec.
572 3504 608 3572 P;
628 3519 713 3574 supra
729 3509 793 3560 παλ
811 3503 843 3559 F.
896 3507 922 3558 8.
940 3499 1062 3574 ἀλλήλας
1081 3505 1106 3562 b.
