2356 3818
103 149 170 215 284
480 153 684 207 υνοαπαωι
701 148 746 208 ε’..

104 300 180 362 ΑΖ
197 296 288 361 ἐστιν
316 301 389 380 ίση·
422 290 585 362 ὥστεκαὶ
607 294 628 380 ἡ
650 301 713 362 ΒΖ
734 299 775 384 τῇ
800 300 865 364 ΖΓ
883 297 974 364 ἐστιν
998 302 1070 383 ἴση·
1104 293 1123 364 ὁ

103 397 170 487 άρα
207 398 336 485 [πάλιν]
368 400 494 492 κέντρῳ
526 403 572 491 τῷ
606 406 634 468 Ζ
666 400 864 488 διαστήματι
896 399 935 469 δὲ
967 401 1020 469 ένὶ
1050 404 1121 471 τοῖν

61 510 177 592 ⁰ZA,
201 512 274 592 ΖΒ,
293 510 357 573 ΖΓ
373 504 494 585 κύκλος
507 504 721 592 γραφόμενος
743 503 815 593 ἡξει
827 505 884 574 καὶ
898 504 955 574 διά
970 511 1041 575 τῶν
1053 515 1123 576 λοι·

103 614 177 680 κῶν
201 617 359 698 σημείων,
380 611 437 679 καὶ
456 616 548 679 ἔσται
562 613 865 701 περιγεγραμμένος
877 613 953 700 περὶ
966 611 1006 681 τὸ
1020 619 1129 683 ΑΒΓ

69 723 280 806 στρίγωυου.

170 825 258 914 Περὶ
276 822 313 892 τὲ
334 824 441 894 δοθὲν
455 823 522 914 άρα
536 830 703 912 τρίγωνον
716 822 838 905 κύκλος
850 827 1125 915 περιγέγραπται·

104 927 186 1018 ὅπερ
206 935 274 998 ἔδει
296 934 443 1017 ποιὴσαι.

496 1131 720 1219 [Πόρισμα]

170 1261 239 1329 Καὶ
272 1257 439 1347 φανερόν,
473 1253 539 1341 ὅτι,
572 1252 626 1323 ὅτε
657 1254 719 1343 μὲν
747 1255 841 1337 έντὸς
867 1259 930 1324 τοῦ
951 1254 1121 1344 τριγώνου

52 1381 86 1430 10
104 1372 213 1434 πίπτει
236 1366 273 1434 τὸ
297 1366 437 1453 κέντρον
459 1370 520 1430 τοῦ
544 1360 681 1447 κύκλου,
704 1359 725 1448 ἡ
748 1359 815 1430 ὑπὸ
835 1367 939 1431 ΒΑΓ
954 1366 1063 1447 γωνία
1082 1363 1119 1429 έν

104 1478 230 1560 μείζονι
256 1471 399 1560 τμήματι
426 1471 488 1537 τοῦ
511 1464 711 1554 ἡμικυκλίου
732 1467 946 1555 τυγχάνουσα
970 1466 1116 1536 ἐλάττων

104 1579 196 1647 ἐστὶν
219 1576 344 1665 ὀρδὴς·
379 1574 434 1645 ὅτε
457 1573 495 1642 δὲ
519 1574 571 1641 ἐπὶ
594 1576 653 1659 τῆς
676 1579 741 1640 ΒΓ
760 1571 895 1653 εὐθείας
917 1570 955 1640 τὸ
971 1575 1119 1662 κέντρου

104 1690 225 1771 πίπτει,
255 1681 276 1769 ἡ
299 1681 365 1750 ὑπὸ
389 1685 493 1749 ΒΑΓ
510 1684 617 1766 γωνία
640 1680 677 1746 έν
700 1675 883 1769 ἡμικυκλίῳ
906 1677 1120 1767 τυγχάνουσα

105 1786 195 1877 ὀρθή
229 1792 338 1857 ἐστιν’
380 1785 435 1856 ὅτε
469 1784 506 1853 δὲ
535 1783 574 1853 τὸ
607 1785 749 1871 κέντρον
779 1787 842 1853 τοῦ
873 1783 1000 1853 κύκλου
1027 1783 1120 1866 ἐκτὸς

53 1908 86 1958 15
104 1900 165 1964 τοῦ
193 1893 359 1984 τριγώνου
385 1901 511 1979 πίπτει,
539 1888 560 1978 ἡ
587 1887 653 1959 ὑπὸ
677 1897 780 1958 ΒΑΓ
804 1892 841 1959 έν
865 1889 1017 1960 ἐλάττονι
1039 1890 1120 1978 τμὴ-

105 2006 266 2090 ματιτοί
290 1999 489 2089 ἡμικυκλίου
512 1996 726 2085 τυγχάνουσα
749 2002 869 2083 μείζων
893 1996 983 2064 ἐστὶν
1002 1995 1119 2085 ὀρθῆς.

106 2105 205 2192 [ὥστε
232 2108 287 2175 καί
317 2105 399 2176 ὅταν
428 2103 573 2173 ἐλάττων
600 2101 708 2191 ὀρθὴς
735 2100 883 2190 τυγχάνη
911 2098 932 2188 ἡ
957 2103 1119 2189 διδομένη

105 2221 229 2298 γωνία,
262 2211 356 2291 ἐντὸς
382 2215 444 2279 τοῦ
470 2208 639 2299 τριγάνου
661 2212 842 2276 πεσοῦνται
872 2210 910 2275 αί
932 2215 1013 2292 ΔΖ,
1045 2215 1119 2293 ΕΖ,

107 2315 189 2385 ὅταν
217 2317 255 2384 δὲ
283 2314 387 2403 ὀρθή,
421 2316 473 2383 ἐπὶ
497 2319 555 2400 τὴς
578 2321 657 2401 ΒΓ,
690 2312 772 2382 ὅταν
796 2313 834 2381 δὲ
857 2319 976 2400 μείζων
999 2310 1119 2402 ὀρθῆς,

53 2437 89 2486 20
108 2420 201 2502 έκτὸς
223 2426 281 2508 τῆς
304 2427 383 2488 ΒΓ·
407 2419 488 2509 ὅπερ
513 2425 580 2489 ἔδει
605 2424 765 2508 ποιὴσαι.]

593 2615 635 2686 ς’.

174 2744 244 2820 Βίς
276 2737 345 2807 τὸν
381 2738 556 2806 δοθέντα
587 2738 733 2808 κύκλου
770 2737 1022 2827 τετράγωνον
1061 2741 1121 2825 ἐγ-

107 2845 266 2934 γράψακ

180 3039 225 3094 VI
246 3037 361 3094 Boetius
379 3056 407 3108 p.
423 3042 484 3107 389,
494 3045 519 3092 3.

181 3214 312 3296 ιἈΖ]
304 3231 405 3269 mras
425 3231 460 3267 m.
476 3213 545 3270 2V
623 3214 684 3284 BZ]
705 3213 802 3269 ZBP.
876 3215 952 3302 ΖΓ]
965 3216 1017 3268 ΓΖ
1036 3213 1121 3285 BFp

106 3286 176 3342 Post
197 3256 244 3353 ίση
267 3302 297 3339 m
316 3284 338 3337 F
357 3285 478 3339 insert.
470 3302 500 3338 111
518 3301 572 3338 τοι.
592 3282 625 3338 αἱ
641 3291 714 3351 τρεῖς
732 3281 751 3338 ά
769 3305 788 3339 α
808 3287 867 3339 ίσαι
884 3280 1016 3354 άλλὴλαις
1035 3283 1121 3354 elatu

106 3356 222 3412 idemB
246 3373 302 3425 mg.
322 3373 358 3410 m.
378 3371 432 3410 rec.
506 3361 530 3410 2.
544 3351 651 3442 πάλιν]
676 3371 730 3409 om.
748 3306 779 3409 Β.
853 3361 878 3410 5.
897 3356 966 3411 Post
983 3354 1121 3426 τρίγωνον

106 3424 205 3482 Theon
223 3425 286 3480 add.
301 3420 551 3551 περτγεγράηηθω
534 3444 571 3487 ως
581 3422 597 3480 δ
608 3429 690 3479 ΑΒΓ
705 3426 797 3496 (BFV
801 3445 833 3496 p
852 3376 1015 3496 γεγράφθω
1019 3376 1044 3481 Γ
1051 3445 1088 3482 m.
1096 3434 1121 3492 1

88 3513 131 3565 p,-
149 3495 199 3551 καί
218 3492 436 3569 γεγράφδωδῖ,
490 3501 571 3565 m.·2
588 3491 763 3568 ἡΛΒΓΒ
779 3514 849 3551 οοπ
865 3515 906 3550 m
916 3500 956 3564 ἣ
1027 3503 1052 3553 8.
1071 3495 1122 3552 πό-
