2356 3818
76 166 140 235 166
453 167 655 222 Συοιεοωιω
673 160 712 235 γ’.

72 310 179 381 αύτού
202 312 255 379 ἐπὶ
278 311 318 379 τὰ
342 311 469 400 πέρατα
491 315 550 398 τής
572 307 718 396 εὐθείας,
740 306 763 396 ή
786 310 855 376 ἐστι
878 305 996 393 βύσις
1018 308 1094 373 τοῦ

72 416 286 505 τμήματος,
301 420 545 505 ἐπιζευχθῶσιν
560 413 736 503 εύθεϊαι,ή
752 415 968 504 περιεχομένη
983 416 1093 499 γωνία

72 520 140 592 ὑπὸ
164 528 232 593 τῶν
255 526 516 612 ἐπιζευχθεισῶν
539 520 691 591 εὐθειῶν.

138 629 188 698 θ’.
218 628 318 699 Ὅταν
346 631 383 699 θλ
411 633 448 697 αί
474 630 686 719 περιέχουσαι
713 627 776 715 τήν
805 632 933 716 γωνίαν
957 624 1093 696 εύθείαι

38 749 54 798 ὅ
74 733 341 824 ἀπολαμβάνωσί
359 763 436 805 τινα
458 736 689 825 περιφέρειαν,
718 731 772 802 ἐπ’
807 736 961 819 ἐκείνης
983 732 1092 819 λέγε-

72 870 136 911 ται
158 845 375 931 βεβηκέναι
399 839 419 930 ή
444 847 531 929 γωυί
552 896 559 909 .

141 948 177 1017 ι’.
204 948 355 1037 Τομεὺς
379 948 416 1018 δὲ
440 949 589 1018 κύκλου
612 950 714 1034 ἐστίν,
739 945 821 1016 ὅταν
844 945 927 1036 πρὸς
948 950 994 1042 τῷ
1017 948 1092 1017 κέν-

73 1083 140 1148 τρῳ
154 1059 217 1124 τοῦ
230 1055 357 1126 κύκλου
371 1059 525 1146 συσταθή
539 1059 657 1142 γωνία,
676 1052 714 1122 τὸ
728 1054 966 1144 περιεχόμενον
981 1058 1094 1143 σχῆμα

73 1158 139 1230 ὑπό
163 1188 198 1229 τε
220 1165 289 1230 τῶν
311 1160 374 1249 τήν
397 1166 527 1248 γωνίαν
550 1163 776 1250 περιεχουσῶν
794 1158 940 1231 εὐθειῶν
958 1160 1093 1248 καὶτῆς

22 1279 55 1328 10
74 1267 395 1355 ἀπολαμβανομένης
417 1264 476 1335 ὑπ’
503 1264 616 1335 αὐτῶν
639 1271 857 1356 περιφερείας.

140 1375 201 1442 ια’.
227 1372 364 1462 Ὅμοια
387 1373 566 1463 τμήματα
589 1373 745 1444 κύκλων
770 1374 839 1442 ἐστὶ
861 1373 901 1441 τὰ
926 1373 1091 1462 δεχόμενα
1137 1446 1142 1452 .

73 1486 197 1568 γωνίας
220 1480 348 1568 ίσας,ή
377 1483 414 1550 ἐν
438 1474 489 1562 οἷς
511 1485 550 1550 αλ
570 1487 689 1569 γωνίαι
713 1489 782 1548 ίσαι
806 1478 965 1568 ἀλλήλαις
992 1485 1089 1550 είσίν.

560 1705 604 1744 α.

144 1805 222 1869 Τοῦ
246 1803 443 1880 δοθέντος
463 1799 612 1868 κύκλου
635 1797 676 1867 τὸ
701 1800 870 1887 κέντρον
894 1796 1036 1888 εύρείν.

22 1914 55 1964 15
130 1905 238 1976 Ἔστω
263 1905 281 1974 ὁ
306 1907 421 1986 δοθεὶς
446 1906 568 1986 κύκλος
592 1903 610 1973 ὁ
634 1912 750 1973 ΑΒΓ·
775 1908 828 1972 θεῖ
850 1902 892 1992 δή
910 1907 971 1973 τοῦ
989 1911 1096 1974 ΑΒΓ

71 2012 198 2082 κύκλου
220 2013 258 2083 τὸ
281 2015 428 2103 κέντρον
451 2009 572 2102 εὑρεῖν.

141 2120 283 2207 Διήχθω
307 2147 356 2200 τις
380 2124 428 2199 είς
456 2116 578 2204 αὐτόν,
602 2115 647 2198 ῶς
671 2123 802 2206 ἔτυχεν,
825 2115 944 2186 εὐθεῖα
967 2115 987 2204 ή
1012 2124 1092 2205 ΑΒ,

72 2224 128 2291 καὶ
151 2223 326 2312 τετμήσθω
351 2229 429 2312 θίχα
452 2222 595 2292 κατὰτὸ
621 2231 654 2289 A
679 2236 833 2310 σημείου,
861 2225 917 2292 καὶ
940 2221 1092 2293 ἀπὸτοῦ

75 2338 108 2396 A
130 2334 169 2418 τή
194 2338 258 2398 ΑΒ
285 2330 369 2419 πρὸς
398 2328 507 2417 ὀρθὰς
534 2327 629 2417 ήχθω
658 2327 679 2416 ή
709 2336 780 2398 ΔΓ
802 2331 858 2398 καὶ
886 2330 1016 2418 διήχθω
1038 2330 1092 2399 ἐπὶ

21 2446 55 2495 20
73 2434 111 2504 τὸ
126 2444 166 2521 E,
189 2436 244 2503 καὶ
267 2436 443 2524 τετμήσθω
468 2435 488 2524 ή
509 2443 572 2505 ΓΒ
589 2440 665 2523 θίχα
687 2435 770 2504 κατὰ
795 2436 832 2506 τὸ
854 2444 898 2504 Ζ·
922 2437 1018 2524 λέγω,
1039 2434 1091 2504 ὅτι

73 2541 110 2610 τὸ
136 2550 163 2609 Ζ
186 2544 326 2630 κέντρον
351 2542 420 2610 ἐστὶ
445 2545 506 2610 τοῦ
529 2547 635 2610 ΑΒΓ
655 2540 817 2627 [κύκλου].

140 2646 200 2734 Μή
229 2647 304 2737 μα’ρ,
333 2646 407 2716 ἀλλ’
441 2653 471 2717 εί
497 2647 663 2736 δυνατόν,
695 2654 777 2717 ἔστω
805 2647 843 2717 τὸ
866 2653 917 2734 Η,
940 2649 996 2716 καὶ
1020 2650 1092 2716 έπε-

76 2752 269 2841 ξεύχθωσαυ
298 2757 335 2822 αί
355 2761 442 2841 HA,
465 2762 554 2840 HA,
577 2762 654 2823 ΗΒ.
700 2755 756 2822 καὶ
779 2756 848 2825 ἐπεὶ
873 2765 929 2842 ίση
953 2754 1044 2823 ἐστὶν
1067 2751 1089 2841 ή

74 2868 144 2927 AA
166 2864 210 2949 τή
235 2869 317 2947 AB,
345 2859 442 2947 κοινή
467 2860 505 2928 θλ
528 2858 548 2947 ή
573 2868 660 2948 AH,
690 2864 752 2930 θύο
778 2860 819 2948 δή
844 2864 881 2929 αί
901 2869 988 2946 AA,
1018 2867 1099 2928 AH

21 2975 55 3026 25
76 2965 138 3034 δύο
167 2981 239 3047 ταῖς
262 2975 349 3054 HA,
380 2975 446 3035 AB
475 2976 548 3034 ίσαι·
573 2968 659 3036 εἰσὶν
682 2968 819 3057 ἑκατέρα
842 2968 997 3057 ἑκατέρᾳ·
1034 2967 1093 3034 καὶ

74 3072 171 3159 βασις
194 3070 214 3159 ή
234 3080 305 3141 HA
324 3073 419 3159 βύσει
442 3077 482 3162 τῇ
502 3081 569 3141 ΗΒ
589 3076 679 3142 ἐστιν
703 3082 775 3159 ἴση·
799 3076 833 3142 ἐκ
856 3074 998 3162 κέντρου
1011 3072 1093 3162 γάρ·

144 3250 206 3307 Def.
226 3257 250 3305 9.
271 3251 385 3306 Boetius
404 3270 433 3321 p.
448 3257 563 3318 379,10.
674 3255 714 3304 10.
733 3251 807 3305 Hero
827 3251 881 3306 def.
897 3255 939 3306 35.
973 3249 1093 3306 Boetius

73 3339 101 3446 χ.
117 3327 230 3403 319,13.
305 3329 346 3378 11.
364 3322 441 3377 Hero
460 3321 513 3376 def.
532 3326 591 3388 118,
601 3327 625 3375 2.
664 3319 824 3390 Simplicius
842 3323 872 3376 in
891 3324 970 3392 phys.
986 3320 1036 3376 fol.
1049 3328 1094 3376 14.

98 3395 188 3446 oenus
207 3412 232 3462 p.
249 3400 309 3462 379,
322 3399 363 3447 16.
454 3394 475 3446 Ι.
494 3392 609 3446 ΡιοοΙωε
629 3410 655 3461 p.
671 3397 732 3460 302,
743 3396 767 3446 5.

130 3517 153 3565 1,
176 3507 296 3583 771³st
316 3509 380 3584 ήτις
396 3513 488 3589 BVp.
581 3508 655 3572 ἐστίν
673 3513 739 3572 BV.
809 3519 838 3569 i.
856 3510 1094 3585 θπολαμβίινωσιυ
