<?xml version="1.0" encoding="UTF-8"?>
<!DOCTYPE html PUBLIC "-//W3C//DTD XHTML 1.0 Transitional//EN"
    "http://www.w3.org/TR/xhtml1/DTD/xhtml1-transitional.dtd">
<html xmlns="http://www.w3.org/1999/xhtml" xml:lang="en" lang="en">
 <head>
  <title>
</title>
<meta http-equiv="Content-Type" content="text/html;charset=utf-8" />
  <meta name='ocr-system' content='tesseract 3.04.00' />
  <meta name='ocr-capabilities' content='ocr_page ocr_carea ocr_par ocr_line ocrx_word'/>
</head>
<body>
  <div class='ocr_page' id='page_1' title='image "./euclidisoperaom07unkngoog_0263.png"; bbox 0 0 2356 3818; ppageno 0'>
   <div class='ocr_carea' id='block_1_1' title="bbox 82 119 750 228">
    <p class='ocr_par' dir='ltr' id='par_1_1' title="bbox 82 119 750 228">
     <span class='ocr_line' id='line_1_1' title="bbox 82 119 750 228; baseline -0.012 -6"><span class='ocrx_word' id='word_1_1' title='bbox 82 119 180 222; x_wconf 63' lang='grc' dir='ltr'><strong><em>’κω</em></strong></span> <span class='ocrx_word' id='word_1_2' title='bbox 491 155 750 228; x_wconf 56' lang='lat' dir='ltr'>nomm.</span> 
     </span>
    </p>
   </div>
   <div class='ocr_carea' id='block_1_2' title="bbox 63 296 1135 3116">
    <p class='ocr_par' dir='ltr' id='par_1_2' title="bbox 64 296 1134 1348">
     <span class='ocr_line' id='line_1_2' title="bbox 114 296 1131 389; baseline 0.001 -22"><span class='ocrx_word' id='word_1_3' title='bbox 114 298 134 386; x_wconf 78' lang='grc' dir='ltr'><em>ἡ</em></span> <span class='ocrx_word' id='word_1_4' title='bbox 159 307 245 386; x_wconf 86' lang='grc' dir='ltr'><em>ΑΔ,</em></span> <span class='ocrx_word' id='word_1_5' title='bbox 269 296 290 387; x_wconf 80' lang='grc' dir='ltr'><em>ἡ</em></span> <span class='ocrx_word' id='word_1_6' title='bbox 314 308 385 367; x_wconf 88' lang='grc' dir='ltr'><em>ΑΔ</em></span> <span class='ocrx_word' id='word_1_7' title='bbox 407 298 473 389; x_wconf 86' lang='grc' dir='ltr'><strong><em>άρα</em></strong></span> <span class='ocrx_word' id='word_1_8' title='bbox 497 300 676 387; x_wconf 80' lang='grc' dir='ltr'><strong><em>ἐφάπτεται</em></strong></span> <span class='ocrx_word' id='word_1_9' title='bbox 698 304 759 368; x_wconf 83' lang='grc' dir='ltr'><strong><em>τοῦ</em></strong></span> <span class='ocrx_word' id='word_1_10' title='bbox 769 308 873 369; x_wconf 91' lang='grc' dir='ltr'><strong><em>ΑΒΕ</em></strong></span> <span class='ocrx_word' id='word_1_11' title='bbox 892 298 1036 368; x_wconf 82' lang='grc' dir='ltr'><strong><em>κύκλον·</em></strong></span> <span class='ocrx_word' id='word_1_12' title='bbox 1059 299 1131 368; x_wconf 75' lang='grc' dir='ltr'><strong><em>ἐπεὶ</em></strong></span> 
     </span>
     <span class='ocr_line' id='line_1_3' title="bbox 115 397 1130 494; baseline -0.002 -19"><span class='ocrx_word' id='word_1_13' title='bbox 115 397 178 475; x_wconf 83' lang='grc' dir='ltr'><strong><em>οὖν</em></strong></span> <span class='ocrx_word' id='word_1_14' title='bbox 192 404 319 475; x_wconf 79' lang='grc' dir='ltr'><strong><em>κύκλου</em></strong></span> <span class='ocrx_word' id='word_1_15' title='bbox 336 411 398 475; x_wconf 85' lang='grc' dir='ltr'><strong><em>τοῦ</em></strong></span> <span class='ocrx_word' id='word_1_16' title='bbox 411 414 516 475; x_wconf 86' lang='grc' dir='ltr'><strong><em>ΑΒΕ</em></strong></span> <span class='ocrx_word' id='word_1_17' title='bbox 527 404 709 494; x_wconf 80' lang='grc' dir='ltr'><strong><em>ἐφάπτεταί</em></strong></span> <span class='ocrx_word' id='word_1_18' title='bbox 720 431 770 486; x_wconf 81' lang='grc' dir='ltr'><strong><em>τις</em></strong></span> <span class='ocrx_word' id='word_1_19' title='bbox 783 403 901 474; x_wconf 76' lang='grc' dir='ltr'><strong><em>εὐθεῖα</em></strong></span> <span class='ocrx_word' id='word_1_20' title='bbox 924 402 945 493; x_wconf 78' lang='grc' dir='ltr'><em>ἡ</em></span> <span class='ocrx_word' id='word_1_21' title='bbox 960 413 1050 494; x_wconf 87' lang='grc' dir='ltr'><em>ΑΔ,</em></span> <span class='ocrx_word' id='word_1_22' title='bbox 1073 406 1130 474; x_wconf 79' lang='grc' dir='ltr'><strong><em>καὶ</em></strong></span> 
     </span>
     <span class='ocr_line' id='line_1_4' title="bbox 114 510 1134 600; baseline 0 -21"><span class='ocrx_word' id='word_1_23' title='bbox 114 510 180 581; x_wconf 82' lang='grc' dir='ltr'><strong><em>άπὸ</em></strong></span> <span class='ocrx_word' id='word_1_24' title='bbox 204 517 263 600; x_wconf 80' lang='grc' dir='ltr'><strong><em>τῆς</em></strong></span> <span class='ocrx_word' id='word_1_25' title='bbox 284 512 366 581; x_wconf 85' lang='grc' dir='ltr'><strong><em>κατά</em></strong></span> <span class='ocrx_word' id='word_1_26' title='bbox 384 512 423 582; x_wconf 88' lang='grc' dir='ltr'><strong><em>τὸ</em></strong></span> <span class='ocrx_word' id='word_1_27' title='bbox 438 521 471 580; x_wconf 95' lang='grc' dir='ltr'><em>Α</em></span> <span class='ocrx_word' id='word_1_28' title='bbox 488 511 577 600; x_wconf 76' lang='grc' dir='ltr'><strong><em>ἁφῆς</em></strong></span> <span class='ocrx_word' id='word_1_29' title='bbox 595 516 642 593; x_wconf 89' lang='grc' dir='ltr'><strong><em>είς</em></strong></span> <span class='ocrx_word' id='word_1_30' title='bbox 659 511 720 581; x_wconf 87' lang='grc' dir='ltr'><strong><em>τὸν</em></strong></span> <span class='ocrx_word' id='word_1_31' title='bbox 733 520 837 581; x_wconf 86' lang='grc' dir='ltr'><strong><em>ΑΒΕ</em></strong></span> <span class='ocrx_word' id='word_1_32' title='bbox 852 512 978 582; x_wconf 82' lang='grc' dir='ltr'><strong><em>κύκλον</em></strong></span> <span class='ocrx_word' id='word_1_33' title='bbox 997 515 1134 600; x_wconf 70' lang='grc' dir='ltr'><strong><em>διῆκταί</em></strong></span> 
     </span>
     <span class='ocr_line' id='line_1_5' title="bbox 114 616 1132 708; baseline -0.002 -21"><span class='ocrx_word' id='word_1_34' title='bbox 114 645 164 699; x_wconf 85' lang='grc' dir='ltr'><strong><em>τις</em></strong></span> <span class='ocrx_word' id='word_1_35' title='bbox 191 617 311 688; x_wconf 76' lang='grc' dir='ltr'><strong><em>εὐθεῖα</em></strong></span> <span class='ocrx_word' id='word_1_36' title='bbox 338 617 360 704; x_wconf 80' lang='grc' dir='ltr'><em>ἡ</em></span> <span class='ocrx_word' id='word_1_37' title='bbox 384 625 465 705; x_wconf 83' lang='grc' dir='ltr'><em>ΑΒ,</em></span> <span class='ocrx_word' id='word_1_38' title='bbox 493 617 513 706; x_wconf 80' lang='grc' dir='ltr'><em>ἡ</em></span> <span class='ocrx_word' id='word_1_39' title='bbox 542 617 607 708; x_wconf 81' lang='grc' dir='ltr'><strong><em>ἄρα</em></strong></span> <span class='ocrx_word' id='word_1_40' title='bbox 630 616 697 686; x_wconf 85' lang='grc' dir='ltr'><strong><em>ύκδ</em></strong></span> <span class='ocrx_word' id='word_1_41' title='bbox 723 627 827 688; x_wconf 86' lang='grc' dir='ltr'><em>ΔΑΒ</em></span> <span class='ocrx_word' id='word_1_42' title='bbox 849 624 957 707; x_wconf 91' lang='grc' dir='ltr'><strong><em>γωνία</em></strong></span> <span class='ocrx_word' id='word_1_43' title='bbox 980 627 1037 706; x_wconf 80' lang='grc' dir='ltr'><strong><em>ίση</em></strong></span> <span class='ocrx_word' id='word_1_44' title='bbox 1061 618 1132 688; x_wconf 79' lang='grc' dir='ltr'><strong><em>έστί</em></strong></span> 
     </span>
     <span class='ocr_line' id='line_1_6' title="bbox 79 721 1128 818; baseline -0.002 -23"><span class='ocrx_word' id='word_1_45' title='bbox 79 729 155 814; x_wconf 77' lang='grc' dir='ltr'><strong><em>στῇ</em></strong></span> <span class='ocrx_word' id='word_1_46' title='bbox 180 728 217 795; x_wconf 86' lang='grc' dir='ltr'><strong><em>έν</em></strong></span> <span class='ocrx_word' id='word_1_47' title='bbox 239 728 285 818; x_wconf 80' lang='grc' dir='ltr'><strong><em>τῷ</em></strong></span> <span class='ocrx_word' id='word_1_48' title='bbox 310 723 450 806; x_wconf 79' lang='grc' dir='ltr'><strong><em>ἐναλλὰξ</em></strong></span> <span class='ocrx_word' id='word_1_49' title='bbox 472 728 534 793; x_wconf 85' lang='grc' dir='ltr'><strong><em>τού</em></strong></span> <span class='ocrx_word' id='word_1_50' title='bbox 556 723 683 793; x_wconf 79' lang='grc' dir='ltr'><strong><em>κύκλου</em></strong></span> <span class='ocrx_word' id='word_1_51' title='bbox 706 723 849 813; x_wconf 78' lang='grc' dir='ltr'><strong><em>τμήματι</em></strong></span> <span class='ocrx_word' id='word_1_52' title='bbox 871 729 981 815; x_wconf 77' lang='grc' dir='ltr'><strong><em>γωνία</em></strong></span> <span class='ocrx_word' id='word_1_53' title='bbox 1002 728 1044 814; x_wconf 77' lang='grc' dir='ltr'><strong><em>τῇ</em></strong></span> <span class='ocrx_word' id='word_1_54' title='bbox 1061 721 1128 793; x_wconf 77' lang='grc' dir='ltr'><strong><em>ὑπὸ</em></strong></span> 
     </span>
     <span class='ocr_line' id='line_1_7' title="bbox 114 828 1130 923; baseline -0.002 -23"><span class='ocrx_word' id='word_1_55' title='bbox 114 840 223 901; x_wconf 86' lang='grc' dir='ltr'><em>ΑΕΒ.</em></span> <span class='ocrx_word' id='word_1_56' title='bbox 260 829 334 900; x_wconf 80' lang='grc' dir='ltr'><strong><em>ἀλλ’</em></strong></span> <span class='ocrx_word' id='word_1_57' title='bbox 360 828 381 918; x_wconf 83' lang='grc' dir='ltr'><strong><em>ἡ</em></strong></span> <span class='ocrx_word' id='word_1_58' title='bbox 410 828 476 901; x_wconf 77' lang='grc' dir='ltr'><strong><em>ὑπὸ</em></strong></span> <span class='ocrx_word' id='word_1_59' title='bbox 506 839 609 899; x_wconf 86' lang='grc' dir='ltr'><em>ΔΑΒ</em></span> <span class='ocrx_word' id='word_1_60' title='bbox 636 835 676 920; x_wconf 78' lang='grc' dir='ltr'><strong><em>τῇ</em></strong></span> <span class='ocrx_word' id='word_1_61' title='bbox 704 830 788 922; x_wconf 80' lang='grc' dir='ltr'><strong><em>πρὸς</em></strong></span> <span class='ocrx_word' id='word_1_62' title='bbox 814 835 860 923; x_wconf 73' lang='grc' dir='ltr'><strong><em>τῷ</em></strong></span> <span class='ocrx_word' id='word_1_63' title='bbox 883 838 917 900; x_wconf 91' lang='grc' dir='ltr'><strong><em>Γ</em></strong></span> <span class='ocrx_word' id='word_1_64' title='bbox 939 834 1031 900; x_wconf 82' lang='grc' dir='ltr'><strong><em>ἐστιν</em></strong></span> <span class='ocrx_word' id='word_1_65' title='bbox 1054 840 1130 919; x_wconf 74' lang='grc' dir='ltr'><strong><em>ἴση·</em></strong></span> 
     </span>
     <span class='ocr_line' id='line_1_8' title="bbox 114 935 1130 1031; baseline -0.001 -24"><span class='ocrx_word' id='word_1_66' title='bbox 114 939 169 1007; x_wconf 81' lang='grc' dir='ltr'><strong><em>καί</em></strong></span> <span class='ocrx_word' id='word_1_67' title='bbox 197 937 227 1026; x_wconf 83' lang='grc' dir='ltr'><em>ἡ</em></span> <span class='ocrx_word' id='word_1_68' title='bbox 247 937 332 1027; x_wconf 82' lang='grc' dir='ltr'><strong><em>πρὸς</em></strong></span> <span class='ocrx_word' id='word_1_69' title='bbox 353 942 399 1031; x_wconf 80' lang='grc' dir='ltr'><strong><em>τῷ</em></strong></span> <span class='ocrx_word' id='word_1_70' title='bbox 422 943 456 1005; x_wconf 90' lang='grc' dir='ltr'><strong><em>Γ</em></strong></span> <span class='ocrx_word' id='word_1_71' title='bbox 477 939 543 1027; x_wconf 82' lang='grc' dir='ltr'><strong><em>ἄρα</em></strong></span> <span class='ocrx_word' id='word_1_72' title='bbox 565 942 673 1024; x_wconf 97' lang='grc' dir='ltr'><strong><em>γωνία</em></strong></span> <span class='ocrx_word' id='word_1_73' title='bbox 696 945 752 1025; x_wconf 84' lang='grc' dir='ltr'><strong><em>λ’ση</em></strong></span> <span class='ocrx_word' id='word_1_74' title='bbox 776 936 845 1005; x_wconf 79' lang='grc' dir='ltr'><strong><em>ἐστὶ</em></strong></span> <span class='ocrx_word' id='word_1_75' title='bbox 867 941 907 1025; x_wconf 75' lang='grc' dir='ltr'><strong><em>τῇ</em></strong></span> <span class='ocrx_word' id='word_1_76' title='bbox 929 935 996 1006; x_wconf 83' lang='grc' dir='ltr'><strong><em>ὑπὸ</em></strong></span> <span class='ocrx_word' id='word_1_77' title='bbox 1021 942 1130 1006; x_wconf 80' lang='grc' dir='ltr'><strong><em>ΑΕΒ</em></strong></span> 
     </span>
     <span class='ocr_line' id='line_1_9' title="bbox 69 1039 1130 1131; baseline 0 -19"><span class='ocrx_word' id='word_1_78' title='bbox 69 1089 72 1097; x_wconf 91' lang='grc'><strong>-</strong></span> <span class='ocrx_word' id='word_1_79' title='bbox 179 1043 251 1112; x_wconf 78' lang='grc' dir='ltr'><strong><em>Ἐπί</em></strong></span> <span class='ocrx_word' id='word_1_80' title='bbox 274 1048 333 1130; x_wconf 78' lang='grc' dir='ltr'><strong><em>τῆς</em></strong></span> <span class='ocrx_word' id='word_1_81' title='bbox 356 1047 515 1130; x_wconf 75' lang='grc' dir='ltr'><strong><em>δοθείσης</em></strong></span> <span class='ocrx_word' id='word_1_82' title='bbox 538 1041 604 1129; x_wconf 87' lang='grc' dir='ltr'><strong><em>άρα</em></strong></span> <span class='ocrx_word' id='word_1_83' title='bbox 628 1039 763 1123; x_wconf 73' lang='grc' dir='ltr'><strong><em>εὐθείας</em></strong></span> <span class='ocrx_word' id='word_1_84' title='bbox 785 1047 844 1129; x_wconf 78' lang='grc' dir='ltr'><strong><em>τῆς</em></strong></span> <span class='ocrx_word' id='word_1_85' title='bbox 857 1048 924 1111; x_wconf 89' lang='grc' dir='ltr'><em>ΑΒ</em></span> <span class='ocrx_word' id='word_1_86' title='bbox 941 1047 1056 1131; x_wconf 81' lang='grc' dir='ltr'><strong><em>τμῆμα</em></strong></span> <span class='ocrx_word' id='word_1_87' title='bbox 1073 1042 1130 1112; x_wconf 75' lang='grc' dir='ltr'><strong><em>κύ</em></strong></span> 
     </span>
     <span class='ocr_line' id='line_1_10' title="bbox 114 1146 1130 1237; baseline -0.001 -18"><span class='ocrx_word' id='word_1_88' title='bbox 114 1159 198 1219; x_wconf 92' lang='grc' dir='ltr'><strong><em>κλου</em></strong></span> <span class='ocrx_word' id='word_1_89' title='bbox 220 1152 402 1237; x_wconf 83' lang='grc' dir='ltr'><strong><em>γέγραπται</em></strong></span> <span class='ocrx_word' id='word_1_90' title='bbox 428 1147 467 1216; x_wconf 87' lang='grc' dir='ltr'><strong><em>τὸ</em></strong></span> <span class='ocrx_word' id='word_1_91' title='bbox 491 1154 592 1216; x_wconf 86' lang='grc' dir='ltr'><strong><em>ΑΕΒ</em></strong></span> <span class='ocrx_word' id='word_1_92' title='bbox 620 1146 803 1236; x_wconf 79' lang='grc' dir='ltr'><strong><em>δεχόμενον</em></strong></span> <span class='ocrx_word' id='word_1_93' title='bbox 825 1155 955 1236; x_wconf 91' lang='grc' dir='ltr'><strong><em>γωνίαν</em></strong></span> <span class='ocrx_word' id='word_1_94' title='bbox 976 1148 1041 1236; x_wconf 85' lang='grc' dir='ltr'><strong><em>τὴν</em></strong></span> <span class='ocrx_word' id='word_1_95' title='bbox 1064 1147 1130 1218; x_wconf 83' lang='grc' dir='ltr'><strong><em>ύκδ</em></strong></span> 
     </span>
     <span class='ocr_line' id='line_1_11' title="bbox 64 1252 845 1348; baseline 0.001 -25"><span class='ocrx_word' id='word_1_96' title='bbox 64 1275 97 1325; x_wconf 86' lang='lat'><strong><em>10</em></strong></span> <span class='ocrx_word' id='word_1_97' title='bbox 116 1264 217 1326; x_wconf 92' lang='grc' dir='ltr'><strong><em>ΑΕΒ</em></strong></span> <span class='ocrx_word' id='word_1_98' title='bbox 242 1264 319 1342; x_wconf 86' lang='grc' dir='ltr'><strong><em>ίσην</em></strong></span> <span class='ocrx_word' id='word_1_99' title='bbox 342 1260 382 1344; x_wconf 79' lang='grc' dir='ltr'><strong><em>τῇ</em></strong></span> <span class='ocrx_word' id='word_1_100' title='bbox 407 1260 547 1343; x_wconf 78' lang='grc' dir='ltr'><strong><em>δοθείση</em></strong></span> <span class='ocrx_word' id='word_1_101' title='bbox 571 1258 611 1344; x_wconf 75' lang='grc' dir='ltr'><strong><em>τῇ</em></strong></span> <span class='ocrx_word' id='word_1_102' title='bbox 635 1252 717 1342; x_wconf 82' lang='grc' dir='ltr'><strong><em>πρὸς</em></strong></span> <span class='ocrx_word' id='word_1_103' title='bbox 739 1257 785 1348; x_wconf 78' lang='grc' dir='ltr'><strong><em>τῷ</em></strong></span> <span class='ocrx_word' id='word_1_104' title='bbox 809 1260 845 1324; x_wconf 88' lang='grc' dir='ltr'><strong><em>Γ.</em></strong></span> 
     </span>
    </p>

    <p class='ocr_par' dir='ltr' id='par_1_3' title="bbox 114 1359 1132 1773">
     <span class='ocr_line' id='line_1_12' title="bbox 178 1359 1131 1454; baseline 0 -24"><span class='ocrx_word' id='word_1_105' title='bbox 178 1360 276 1431; x_wconf 89' lang='grc' dir='ltr'><strong><em>Ἀλλά</em></strong></span> <span class='ocrx_word' id='word_1_106' title='bbox 306 1360 348 1449; x_wconf 78' lang='grc' dir='ltr'><strong><em>δὴ</em></strong></span> <span class='ocrx_word' id='word_1_107' title='bbox 377 1359 466 1449; x_wconf 75' lang='grc' dir='ltr'><strong><em>ὀρθὴ</em></strong></span> <span class='ocrx_word' id='word_1_108' title='bbox 491 1366 574 1430; x_wconf 82' lang='grc' dir='ltr'><strong><em>ἔστω</em></strong></span> <span class='ocrx_word' id='word_1_109' title='bbox 598 1359 619 1447; x_wconf 83' lang='grc' dir='ltr'><strong><em>ἡ</em></strong></span> <span class='ocrx_word' id='word_1_110' title='bbox 643 1360 728 1450; x_wconf 82' lang='grc' dir='ltr'><strong><em>πρὸς</em></strong></span> <span class='ocrx_word' id='word_1_111' title='bbox 749 1366 795 1454; x_wconf 78' lang='grc' dir='ltr'><strong><em>τῷ</em></strong></span> <span class='ocrx_word' id='word_1_112' title='bbox 819 1368 864 1429; x_wconf 91' lang='grc' dir='ltr'><strong><em>Γ·</em></strong></span> <span class='ocrx_word' id='word_1_113' title='bbox 888 1364 944 1431; x_wconf 79' lang='grc' dir='ltr'><strong><em>καί</em></strong></span> <span class='ocrx_word' id='word_1_114' title='bbox 967 1363 1048 1430; x_wconf 87' lang='grc' dir='ltr'><strong><em>δέον</em></strong></span> <span class='ocrx_word' id='word_1_115' title='bbox 1072 1361 1131 1431; x_wconf 81' lang='grc' dir='ltr'><strong><em>τά·</em></strong></span> 
     </span>
     <span class='ocr_line' id='line_1_13' title="bbox 114 1467 1132 1556; baseline -0.001 -17"><span class='ocrx_word' id='word_1_116' title='bbox 114 1478 169 1539; x_wconf 81' lang='grc' dir='ltr'><strong><em>λιν</em></strong></span> <span class='ocrx_word' id='word_1_117' title='bbox 193 1474 276 1538; x_wconf 83' lang='grc' dir='ltr'><strong><em>ἔστω</em></strong></span> <span class='ocrx_word' id='word_1_118' title='bbox 300 1469 353 1537; x_wconf 82' lang='grc' dir='ltr'><strong><em>έκὶ</em></strong></span> <span class='ocrx_word' id='word_1_119' title='bbox 371 1472 430 1555; x_wconf 80' lang='grc' dir='ltr'><strong><em>τῆς</em></strong></span> <span class='ocrx_word' id='word_1_120' title='bbox 443 1473 509 1535; x_wconf 87' lang='grc' dir='ltr'><em>ΑΒ</em></span> <span class='ocrx_word' id='word_1_121' title='bbox 528 1467 656 1555; x_wconf 73' lang='grc' dir='ltr'><strong><em>γράψαι</em></strong></span> <span class='ocrx_word' id='word_1_122' title='bbox 674 1472 785 1555; x_wconf 78' lang='grc' dir='ltr'><strong><em>τμῆμα</em></strong></span> <span class='ocrx_word' id='word_1_123' title='bbox 802 1469 929 1537; x_wconf 90' lang='grc' dir='ltr'><strong><em>κύκλον</em></strong></span> <span class='ocrx_word' id='word_1_124' title='bbox 947 1469 1132 1556; x_wconf 75' lang='grc' dir='ltr'><strong><em>δεχόμενον</em></strong></span> 
     </span>
     <span class='ocr_line' id='line_1_14' title="bbox 114 1571 1131 1666; baseline 0 -21"><span class='ocrx_word' id='word_1_125' title='bbox 114 1581 243 1663; x_wconf 81' lang='grc' dir='ltr'><strong><em>γωνίαν</em></strong></span> <span class='ocrx_word' id='word_1_126' title='bbox 267 1583 345 1662; x_wconf 83' lang='grc' dir='ltr'><strong><em>ἴσην</em></strong></span> <span class='ocrx_word' id='word_1_127' title='bbox 367 1577 407 1663; x_wconf 75' lang='grc' dir='ltr'><strong><em>τῇ</em></strong></span> <span class='ocrx_word' id='word_1_128' title='bbox 431 1571 514 1661; x_wconf 80' lang='grc' dir='ltr'><strong><em>πρὸς</em></strong></span> <span class='ocrx_word' id='word_1_129' title='bbox 536 1577 581 1666; x_wconf 78' lang='grc' dir='ltr'><strong><em>τῷ</em></strong></span> <span class='ocrx_word' id='word_1_130' title='bbox 600 1578 633 1642; x_wconf 91' lang='grc' dir='ltr'>Γ</span> <span class='ocrx_word' id='word_1_131' title='bbox 652 1572 741 1663; x_wconf 77' lang='grc' dir='ltr'><strong><em>ὀρθῇ</em></strong></span> <span class='ocrx_word' id='word_1_132' title='bbox 767 1580 911 1666; x_wconf 83' lang='grc' dir='ltr'><strong><em>[γωνίᾳ].</em></strong></span> <span class='ocrx_word' id='word_1_133' title='bbox 939 1575 1131 1645; x_wconf 78' lang='grc' dir='ltr'><strong><em>συνεστάτω</em></strong></span> 
     </span>
     <span class='ocr_line' id='line_1_15' title="bbox 116 1677 1132 1773; baseline -0.001 -22"><span class='ocrx_word' id='word_1_134' title='bbox 116 1682 245 1767; x_wconf 78' lang='grc' dir='ltr'><strong><em>[πάλιν]</em></strong></span> <span class='ocrx_word' id='word_1_135' title='bbox 269 1685 308 1771; x_wconf 79' lang='grc' dir='ltr'><strong><em>τῇ</em></strong></span> <span class='ocrx_word' id='word_1_136' title='bbox 332 1679 416 1771; x_wconf 78' lang='grc' dir='ltr'><strong><em>πρὸς</em></strong></span> <span class='ocrx_word' id='word_1_137' title='bbox 438 1684 485 1773; x_wconf 77' lang='grc' dir='ltr'><strong><em>τῷ</em></strong></span> <span class='ocrx_word' id='word_1_138' title='bbox 504 1686 537 1747; x_wconf 92' lang='grc' dir='ltr'>Γ</span> <span class='ocrx_word' id='word_1_139' title='bbox 555 1677 645 1770; x_wconf 75' lang='grc' dir='ltr'><strong><em>ὀρθῇ</em></strong></span> <span class='ocrx_word' id='word_1_140' title='bbox 669 1685 777 1771; x_wconf 79' lang='grc' dir='ltr'><strong><em>γωνία</em></strong></span> <span class='ocrx_word' id='word_1_141' title='bbox 799 1690 855 1768; x_wconf 80' lang='grc' dir='ltr'><strong><em>ἴση</em></strong></span> <span class='ocrx_word' id='word_1_142' title='bbox 876 1679 900 1768; x_wconf 77' lang='grc' dir='ltr'><em>ἡ</em></span> <span class='ocrx_word' id='word_1_143' title='bbox 922 1679 989 1750; x_wconf 82' lang='grc' dir='ltr'><strong><em>ὑπὸ</em></strong></span> <span class='ocrx_word' id='word_1_144' title='bbox 1015 1690 1045 1750; x_wconf 88' lang='grc' dir='ltr'><em>Β</em></span> <span class='ocrx_word' id='word_1_145' title='bbox 1052 1691 1132 1767; x_wconf 89' lang='grc' dir='ltr'><em>ΑΔ,</em></span> 
     </span>
    </p>

    <p class='ocr_par' dir='ltr' id='par_1_4' title="bbox 64 1786 1131 2176">
     <span class='ocr_line' id='line_1_16' title="bbox 64 1786 1131 1876; baseline 0.002 -21"><span class='ocrx_word' id='word_1_146' title='bbox 64 1808 96 1856; x_wconf 83' lang='grc'><strong><em>15</em></strong></span> <span class='ocrx_word' id='word_1_147' title='bbox 117 1786 162 1869; x_wconf 80' lang='grc' dir='ltr'><strong><em>ὥς</em></strong></span> <span class='ocrx_word' id='word_1_148' title='bbox 185 1794 251 1876; x_wconf 82' lang='grc' dir='ltr'><strong><em>ἔχει</em></strong></span> <span class='ocrx_word' id='word_1_149' title='bbox 275 1788 328 1857; x_wconf 77' lang='grc' dir='ltr'><strong><em>ἐπὶ</em></strong></span> <span class='ocrx_word' id='word_1_150' title='bbox 350 1792 411 1873; x_wconf 75' lang='grc' dir='ltr'><strong><em>τῆς</em></strong></span> <span class='ocrx_word' id='word_1_151' title='bbox 434 1787 590 1875; x_wconf 79' lang='grc' dir='ltr'><strong><em>δευτέρας</em></strong></span> <span class='ocrx_word' id='word_1_152' title='bbox 611 1791 842 1876; x_wconf 80' lang='grc' dir='ltr'><strong><em>καταγραφῆς,</em></strong></span> <span class='ocrx_word' id='word_1_153' title='bbox 874 1786 929 1855; x_wconf 81' lang='grc' dir='ltr'><strong><em>καὶ</em></strong></span> <span class='ocrx_word' id='word_1_154' title='bbox 952 1787 1131 1875; x_wconf 79' lang='grc' dir='ltr'><strong><em>τετμήσθω</em></strong></span> 
     </span>
     <span class='ocr_line' id='line_1_17' title="bbox 116 1890 1130 1985; baseline 0 -23"><span class='ocrx_word' id='word_1_155' title='bbox 116 1892 136 1982; x_wconf 85' lang='grc' dir='ltr'><em>ἡ</em></span> <span class='ocrx_word' id='word_1_156' title='bbox 161 1902 226 1962; x_wconf 93' lang='grc' dir='ltr'><em>ΑΒ</em></span> <span class='ocrx_word' id='word_1_157' title='bbox 259 1898 336 1981; x_wconf 91' lang='grc' dir='ltr'><strong><em>δίχα</em></strong></span> <span class='ocrx_word' id='word_1_158' title='bbox 366 1890 448 1961; x_wconf 85' lang='grc' dir='ltr'><strong><em>κατά</em></strong></span> <span class='ocrx_word' id='word_1_159' title='bbox 476 1891 514 1960; x_wconf 90' lang='grc' dir='ltr'><strong><em>τὸ</em></strong></span> <span class='ocrx_word' id='word_1_160' title='bbox 543 1899 586 1978; x_wconf 86' lang='grc' dir='ltr'><strong><em>Ζ,</em></strong></span> <span class='ocrx_word' id='word_1_161' title='bbox 619 1892 675 1959; x_wconf 83' lang='grc' dir='ltr'><strong><em>καὶ</em></strong></span> <span class='ocrx_word' id='word_1_162' title='bbox 698 1892 824 1984; x_wconf 77' lang='grc' dir='ltr'><strong><em>κέντρῳ</em></strong></span> <span class='ocrx_word' id='word_1_163' title='bbox 847 1896 894 1985; x_wconf 76' lang='grc' dir='ltr'><strong><em>τῷ</em></strong></span> <span class='ocrx_word' id='word_1_164' title='bbox 918 1901 961 1979; x_wconf 85' lang='grc' dir='ltr'><strong><em>Ζ,</em></strong></span> <span class='ocrx_word' id='word_1_165' title='bbox 995 1895 1130 1982; x_wconf 78' lang='grc' dir='ltr'><strong><em>διαστή-</em></strong></span> 
     </span>
     <span class='ocr_line' id='line_1_18' title="bbox 116 1997 1131 2090; baseline 0.002 -22"><span class='ocrx_word' id='word_1_166' title='bbox 116 2026 193 2088; x_wconf 89' lang='grc' dir='ltr'><strong><em>ματι</em></strong></span> <span class='ocrx_word' id='word_1_167' title='bbox 222 1999 259 2067; x_wconf 73' lang='grc' dir='ltr'><strong><em>δὲ</em></strong></span> <span class='ocrx_word' id='word_1_168' title='bbox 287 1997 434 2090; x_wconf 79' lang='grc' dir='ltr'><strong><em>ὁποτέρῳ</em></strong></span> <span class='ocrx_word' id='word_1_169' title='bbox 458 2002 527 2066; x_wconf 81' lang='grc' dir='ltr'><strong><em>των</em></strong></span> <span class='ocrx_word' id='word_1_170' title='bbox 551 2005 631 2084; x_wconf 83' lang='grc' dir='ltr'><em>ΖΑ,</em></span> <span class='ocrx_word' id='word_1_171' title='bbox 656 2005 732 2084; x_wconf 84' lang='grc' dir='ltr'><strong><em>ΖΒ,</em></strong></span> <span class='ocrx_word' id='word_1_172' title='bbox 755 1999 878 2078; x_wconf 89' lang='grc' dir='ltr'><strong><em>κύκλος</em></strong></span> <span class='ocrx_word' id='word_1_173' title='bbox 900 1997 1091 2088; x_wconf 78' lang='grc' dir='ltr'><strong><em>γεγράφθω</em></strong></span> <span class='ocrx_word' id='word_1_174' title='bbox 1114 1998 1131 2069; x_wconf 83' lang='grc' dir='ltr'><strong>ὁ</strong></span> 
     </span>
     <span class='ocr_line' id='line_1_19' title="bbox 116 2113 225 2176; baseline -0.037 0"><span class='ocrx_word' id='word_1_175' title='bbox 116 2113 225 2176; x_wconf 86' lang='grc' dir='ltr'><em>ΑΕΒ.</em></span> 
     </span>
    </p>

    <p class='ocr_par' dir='ltr' id='par_1_5' title="bbox 181 2209 1134 2300">
     <span class='ocr_line' id='line_1_20' title="bbox 181 2209 1134 2300; baseline 0.003 -22"><span class='ocrx_word' id='word_1_176' title='bbox 181 2210 379 2299; x_wconf 80' lang='grc' dir='ltr'><strong><em>Ἐφάπτεται</em></strong></span> <span class='ocrx_word' id='word_1_177' title='bbox 406 2209 472 2300; x_wconf 87' lang='grc' dir='ltr'><strong><em>άρα</em></strong></span> <span class='ocrx_word' id='word_1_178' title='bbox 500 2209 521 2298; x_wconf 82' lang='grc' dir='ltr'><em>ἡ</em></span> <span class='ocrx_word' id='word_1_179' title='bbox 549 2219 621 2278; x_wconf 86' lang='grc' dir='ltr'><em>ΑΔ</em></span> <span class='ocrx_word' id='word_1_180' title='bbox 649 2209 766 2279; x_wconf 77' lang='grc' dir='ltr'><strong><em>εύδεῖα</em></strong></span> <span class='ocrx_word' id='word_1_181' title='bbox 793 2215 855 2279; x_wconf 82' lang='grc' dir='ltr'><strong><em>τοῦ</em></strong></span> <span class='ocrx_word' id='word_1_182' title='bbox 877 2218 981 2279; x_wconf 90' lang='grc' dir='ltr'><em>ΑΒΕ</em></span> <span class='ocrx_word' id='word_1_183' title='bbox 1006 2211 1134 2281; x_wconf 88' lang='grc' dir='ltr'><strong><em>κύκλου</em></strong></span> 
     </span>
    </p>

    <p class='ocr_par' dir='ltr' id='par_1_6' title="bbox 63 2316 1133 2834">
     <span class='ocr_line' id='line_1_21' title="bbox 63 2316 1132 2409; baseline 0.002 -24"><span class='ocrx_word' id='word_1_184' title='bbox 63 2317 236 2388; x_wconf 76' lang='grc' dir='ltr'><strong><em>νοδιάτδ</em></strong></span> <span class='ocrx_word' id='word_1_185' title='bbox 260 2317 372 2406; x_wconf 78' lang='grc' dir='ltr'><strong><em>ὀρθὴν</em></strong></span> <span class='ocrx_word' id='word_1_186' title='bbox 396 2316 568 2403; x_wconf 77' lang='grc' dir='ltr'><strong><em>εἶναιτὴν</em></strong></span> <span class='ocrx_word' id='word_1_187' title='bbox 590 2317 675 2406; x_wconf 82' lang='grc' dir='ltr'><strong><em>πρὸς</em></strong></span> <span class='ocrx_word' id='word_1_188' title='bbox 696 2322 742 2409; x_wconf 76' lang='grc' dir='ltr'><strong><em>τῷ</em></strong></span> <span class='ocrx_word' id='word_1_189' title='bbox 767 2327 799 2384; x_wconf 91' lang='grc' dir='ltr'><em>Α</em></span> <span class='ocrx_word' id='word_1_190' title='bbox 820 2324 957 2405; x_wconf 88' lang='grc' dir='ltr'><strong><em>γωνίαν.</em></strong></span> <span class='ocrx_word' id='word_1_191' title='bbox 994 2319 1053 2387; x_wconf 83' lang='grc' dir='ltr'><strong><em>καὶ</em></strong></span> <span class='ocrx_word' id='word_1_192' title='bbox 1078 2327 1132 2407; x_wconf 86' lang='grc' dir='ltr'><strong><em>ίση</em></strong></span> 
     </span>
     <span class='ocr_line' id='line_1_22' title="bbox 117 2421 1133 2515; baseline 0.001 -22"><span class='ocrx_word' id='word_1_193' title='bbox 117 2425 208 2493; x_wconf 81' lang='grc' dir='ltr'><strong><em>έστίν</em></strong></span> <span class='ocrx_word' id='word_1_194' title='bbox 237 2421 257 2510; x_wconf 80' lang='grc' dir='ltr'><em>ἡ</em></span> <span class='ocrx_word' id='word_1_195' title='bbox 285 2421 351 2491; x_wconf 84' lang='grc' dir='ltr'><strong><em>ὑπὸ</em></strong></span> <span class='ocrx_word' id='word_1_196' title='bbox 377 2430 482 2490; x_wconf 89' lang='grc' dir='ltr'><em>ΒΑΛ</em></span> <span class='ocrx_word' id='word_1_197' title='bbox 509 2429 617 2509; x_wconf 91' lang='grc' dir='ltr'><strong><em>γωνία</em></strong></span> <span class='ocrx_word' id='word_1_198' title='bbox 643 2427 683 2512; x_wconf 74' lang='grc' dir='ltr'><strong><em>τῇ</em></strong></span> <span class='ocrx_word' id='word_1_199' title='bbox 712 2425 750 2491; x_wconf 87' lang='grc' dir='ltr'><strong><em>έν</em></strong></span> <span class='ocrx_word' id='word_1_200' title='bbox 776 2428 822 2515; x_wconf 72' lang='grc' dir='ltr'><strong><em>τῷ</em></strong></span> <span class='ocrx_word' id='word_1_201' title='bbox 846 2430 946 2491; x_wconf 87' lang='grc' dir='ltr'><em>ΑΕΒ</em></span> <span class='ocrx_word' id='word_1_202' title='bbox 973 2422 1133 2512; x_wconf 85' lang='grc' dir='ltr'><strong><em>τμήματι·</em></strong></span> 
     </span>
     <span class='ocr_line' id='line_1_23' title="bbox 117 2522 1133 2622; baseline 0.001 -23"><span class='ocrx_word' id='word_1_203' title='bbox 117 2529 207 2621; x_wconf 78' lang='grc' dir='ltr'><strong><em>ὀρθὴ</em></strong></span> <span class='ocrx_word' id='word_1_204' title='bbox 236 2528 299 2620; x_wconf 86' lang='grc' dir='ltr'><strong><em>γάρ</em></strong></span> <span class='ocrx_word' id='word_1_205' title='bbox 327 2529 383 2596; x_wconf 81' lang='grc' dir='ltr'><strong><em>καὶ</em></strong></span> <span class='ocrx_word' id='word_1_206' title='bbox 406 2527 490 2616; x_wconf 78' lang='grc' dir='ltr'><strong><em>αὐτὴ</em></strong></span> <span class='ocrx_word' id='word_1_207' title='bbox 515 2532 551 2597; x_wconf 81' lang='grc' dir='ltr'><strong><em>έν</em></strong></span> <span class='ocrx_word' id='word_1_208' title='bbox 574 2527 758 2622; x_wconf 76' lang='grc' dir='ltr'><strong><em>ἡμικυκλίῳ</em></strong></span> <span class='ocrx_word' id='word_1_209' title='bbox 783 2522 877 2598; x_wconf 81' lang='grc' dir='ltr'><strong><em>οὖσα.</em></strong></span> <span class='ocrx_word' id='word_1_210' title='bbox 923 2527 1009 2597; x_wconf 87' lang='grc' dir='ltr'><strong><em>άλλδι</em></strong></span> <span class='ocrx_word' id='word_1_211' title='bbox 1031 2529 1133 2618; x_wconf 74' lang='grc' dir='ltr'><strong><em>καὶὴ</em></strong></span> 
     </span>
     <span class='ocr_line' id='line_1_24' title="bbox 116 2633 1133 2729; baseline -0.001 -23"><span class='ocrx_word' id='word_1_212' title='bbox 116 2636 182 2706; x_wconf 82' lang='grc' dir='ltr'><strong><em>ὑπὸ</em></strong></span> <span class='ocrx_word' id='word_1_213' title='bbox 206 2645 311 2705; x_wconf 88' lang='grc' dir='ltr'><em>ΒΑΛ</em></span> <span class='ocrx_word' id='word_1_214' title='bbox 342 2640 382 2725; x_wconf 79' lang='grc' dir='ltr'><strong><em>τῇ</em></strong></span> <span class='ocrx_word' id='word_1_215' title='bbox 414 2634 499 2723; x_wconf 81' lang='grc' dir='ltr'><strong><em>πρὸς</em></strong></span> <span class='ocrx_word' id='word_1_216' title='bbox 529 2639 575 2729; x_wconf 79' lang='grc' dir='ltr'><strong><em>τῷ</em></strong></span> <span class='ocrx_word' id='word_1_217' title='bbox 598 2641 631 2702; x_wconf 92' lang='grc' dir='ltr'><em>Γ</em></span> <span class='ocrx_word' id='word_1_218' title='bbox 658 2644 713 2722; x_wconf 89' lang='grc' dir='ltr'><strong><em>ίση</em></strong></span> <span class='ocrx_word' id='word_1_219' title='bbox 747 2639 847 2705; x_wconf 83' lang='grc' dir='ltr'><strong><em>ἐστίν.</em></strong></span> <span class='ocrx_word' id='word_1_220' title='bbox 892 2636 948 2704; x_wconf 84' lang='grc' dir='ltr'><strong><em>καὶ</em></strong></span> <span class='ocrx_word' id='word_1_221' title='bbox 975 2633 996 2723; x_wconf 74' lang='grc' dir='ltr'><em>ἡ</em></span> <span class='ocrx_word' id='word_1_222' title='bbox 1026 2638 1065 2704; x_wconf 85' lang='grc' dir='ltr'><strong><em>ἐν</em></strong></span> <span class='ocrx_word' id='word_1_223' title='bbox 1089 2640 1133 2729; x_wconf 73' lang='grc' dir='ltr'><strong><em>τῷ</em></strong></span> 
     </span>
     <span class='ocr_line' id='line_1_25' title="bbox 117 2741 778 2834; baseline -0.005 -22"><span class='ocrx_word' id='word_1_224' title='bbox 117 2751 219 2812; x_wconf 87' lang='grc' dir='ltr'><em>ΑΕΒ</em></span> <span class='ocrx_word' id='word_1_225' title='bbox 242 2741 308 2830; x_wconf 87' lang='grc' dir='ltr'><strong><em>άρα</em></strong></span> <span class='ocrx_word' id='word_1_226' title='bbox 333 2751 388 2829; x_wconf 87' lang='grc' dir='ltr'><strong><em>ίση</em></strong></span> <span class='ocrx_word' id='word_1_227' title='bbox 413 2742 482 2810; x_wconf 81' lang='grc' dir='ltr'><strong><em>έστὶ</em></strong></span> <span class='ocrx_word' id='word_1_228' title='bbox 504 2747 543 2830; x_wconf 77' lang='grc' dir='ltr'><strong><em>τῇ</em></strong></span> <span class='ocrx_word' id='word_1_229' title='bbox 567 2741 650 2833; x_wconf 85' lang='grc' dir='ltr'><strong><em>πρὸς</em></strong></span> <span class='ocrx_word' id='word_1_230' title='bbox 672 2745 718 2834; x_wconf 76' lang='grc' dir='ltr'><strong><em>τῷ</em></strong></span> <span class='ocrx_word' id='word_1_231' title='bbox 742 2749 778 2810; x_wconf 91' lang='grc' dir='ltr'><strong><em>Γ.</em></strong></span> 
     </span>
    </p>

    <p class='ocr_par' dir='ltr' id='par_1_7' title="bbox 116 2892 1135 3116">
     <span class='ocr_line' id='line_1_26' title="bbox 190 2892 1135 2974; baseline 0.004 -19"><span class='ocrx_word' id='word_1_232' title='bbox 190 2910 213 2957; x_wconf 92' lang='grc'><strong><em>1.</em></strong></span> <span class='ocrx_word' id='word_1_233' title='bbox 232 2901 326 2973; x_wconf 90' lang='grc' dir='ltr'><em>ΑΕΒ]</em></span> <span class='ocrx_word' id='word_1_234' title='bbox 346 2918 399 2956; x_wconf 90' lang='lat' dir='ltr'><strong><em>om.</em></strong></span> <span class='ocrx_word' id='word_1_235' title='bbox 420 2903 480 2971; x_wconf 84' lang='lat' dir='ltr'><strong><em>Bp3</em></strong></span> <span class='ocrx_word' id='word_1_236' title='bbox 501 2919 585 2972; x_wconf 79' lang='lat' dir='ltr'>supra</span> <span class='ocrx_word' id='word_1_237' title='bbox 603 2904 648 2956; x_wconf 67' lang='lat' dir='ltr'><strong><em>est</em></strong></span> <span class='ocrx_word' id='word_1_238' title='bbox 665 2917 718 2957; x_wconf 79' lang='lat' dir='ltr'><strong>ras.</strong></span> <span class='ocrx_word' id='word_1_239' title='bbox 737 2901 767 2955; x_wconf 92' lang='lat' dir='ltr'><strong><em>in</em></strong></span> <span class='ocrx_word' id='word_1_240' title='bbox 785 2902 819 2957; x_wconf 88' lang='lat' dir='ltr'><strong><em>V.</em></strong></span> <span class='ocrx_word' id='word_1_241' title='bbox 885 2897 948 2958; x_wconf 72' lang='grc' dir='ltr'><strong><em>ἐπεὶ</em></strong></span> <span class='ocrx_word' id='word_1_242' title='bbox 967 2892 1032 2974; x_wconf 76' lang='grc' dir='ltr'><strong><em>οὖν]</em></strong></span> <span class='ocrx_word' id='word_1_243' title='bbox 1054 2903 1135 2959; x_wconf 83' lang='lat' dir='ltr'><strong><em>PFV</em></strong></span> 
     </span>
     <span class='ocr_line' id='line_1_27' title="bbox 117 2969 1133 3043; baseline 0.004 -17"><span class='ocrx_word' id='word_1_244' title='bbox 117 2976 169 3043; x_wconf 88' lang='grc' dir='ltr'><strong><em>(γρ.</em></strong></span> <span class='ocrx_word' id='word_1_245' title='bbox 194 2974 244 3027; x_wconf 78' lang='grc' dir='ltr'><strong><em>καί</em></strong></span> <span class='ocrx_word' id='word_1_246' title='bbox 267 2969 334 3027; x_wconf 79' lang='grc' dir='ltr'><strong><em>έπεί</em></strong></span> <span class='ocrx_word' id='word_1_247' title='bbox 353 2973 374 3026; x_wconf 85' lang='lat' dir='ltr'><strong>F</strong></span> <span class='ocrx_word' id='word_1_248' title='bbox 399 2977 475 3042; x_wconf 71' lang='lat' dir='ltr'>mg),</span> <span class='ocrx_word' id='word_1_249' title='bbox 502 2973 553 3028; x_wconf 80' lang='grc' dir='ltr'><strong><em>καὶ</em></strong></span> <span class='ocrx_word' id='word_1_250' title='bbox 571 2969 637 3027; x_wconf 78' lang='grc' dir='ltr'><strong><em>ίκεί</em></strong></span> <span class='ocrx_word' id='word_1_251' title='bbox 651 2972 706 3041; x_wconf 89' lang='lat' dir='ltr'><strong><em>Bp.</em></strong></span> <span class='ocrx_word' id='word_1_252' title='bbox 792 2979 817 3027; x_wconf 80' lang='lat'><strong><em>2.</em></strong></span> <span class='ocrx_word' id='word_1_253' title='bbox 845 2973 896 3027; x_wconf 79' lang='grc' dir='ltr'><strong><em>τοῦ</em></strong></span> <span class='ocrx_word' id='word_1_254' title='bbox 920 2975 1002 3026; x_wconf 88' lang='grc' dir='ltr'><strong><em>ΑΒΕ</em></strong></span> <span class='ocrx_word' id='word_1_255' title='bbox 1025 2970 1133 3029; x_wconf 78' lang='grc' dir='ltr'><strong><em>κύκλον</em></strong></span> 
     </span>
     <span class='ocr_line' id='line_1_28' title="bbox 116 3039 1133 3116; baseline 0.002 -18"><span class='ocrx_word' id='word_1_256' title='bbox 116 3045 170 3114; x_wconf 89' lang='lat' dir='ltr'><strong><em>Bp.</em></strong></span> <span class='ocrx_word' id='word_1_257' title='bbox 257 3043 350 3115; x_wconf 85' lang='lat' dir='ltr'><strong><em>ABE]</em></strong></span> <span class='ocrx_word' id='word_1_258' title='bbox 370 3047 449 3097; x_wconf 90' lang='grc' dir='ltr'><strong><em>ΑΕΒ</em></strong></span> <span class='ocrx_word' id='word_1_259' title='bbox 468 3061 483 3098; x_wconf 87' lang='grc' dir='ltr'><strong><em>ε</em></strong></span> <span class='ocrx_word' id='word_1_260' title='bbox 503 3060 571 3098; x_wconf 83' lang='lat' dir='ltr'>corr.</span> <span class='ocrx_word' id='word_1_261' title='bbox 591 3044 624 3098; x_wconf 92' lang='lat' dir='ltr'><strong><em>V.</em></strong></span> <span class='ocrx_word' id='word_1_262' title='bbox 710 3048 736 3098; x_wconf 83' lang='lat'><strong><em>4.</em></strong></span> <span class='ocrx_word' id='word_1_263' title='bbox 757 3039 832 3098; x_wconf 72' lang='grc' dir='ltr'><strong><em>ἐστίν</em></strong></span> <span class='ocrx_word' id='word_1_264' title='bbox 850 3043 909 3098; x_wconf 91' lang='grc' dir='ltr'><strong><em>ΡΒ.</em></strong></span> <span class='ocrx_word' id='word_1_265' title='bbox 982 3048 1009 3098; x_wconf 78' lang='grc' dir='ltr'><strong><em>Β.</em></strong></span> <span class='ocrx_word' id='word_1_266' title='bbox 1029 3040 1063 3098; x_wconf 77' lang='grc' dir='ltr'><strong><em>ἔν</em></strong></span> <span class='ocrx_word' id='word_1_267' title='bbox 1083 3045 1133 3116; x_wconf 81' lang='grc' dir='ltr'><strong><em>τῶ]</em></strong></span> 
     </span>
    </p>
   </div>
   <div class='ocr_carea' id='block_1_3' title="bbox 116 3100 1133 3258">
    <p class='ocr_par' dir='ltr' id='par_1_8' title="bbox 116 3100 1133 3258">
     <span class='ocr_line' id='line_1_29' title="bbox 117 3100 1133 3185; baseline 0.001 -16"><span class='ocrx_word' id='word_1_268' title='bbox 117 3133 171 3170; x_wconf 86' lang='lat' dir='ltr'><strong><em>om.</em></strong></span> <span class='ocrx_word' id='word_1_269' title='bbox 190 3115 221 3169; x_wconf 89' lang='lat' dir='ltr'><strong><em>P.</em></strong></span> <span class='ocrx_word' id='word_1_270' title='bbox 265 3110 428 3169; x_wconf 65' lang='grc' dir='ltr'><strong><em>σάωσε.</em></strong></span> <span class='ocrx_word' id='word_1_271' title='bbox 473 3115 565 3185; x_wconf 75' lang='grc' dir='ltr'><em>ΔΑΒ]</em></span> <span class='ocrx_word' id='word_1_272' title='bbox 585 3113 704 3170; x_wconf 64' lang='lat' dir='ltr'><strong><em>lium</em></strong></span> <span class='ocrx_word' id='word_1_273' title='bbox 722 3113 753 3167; x_wconf 87' lang='lat' dir='ltr'><strong><em>in</em></strong></span> <span class='ocrx_word' id='word_1_274' title='bbox 771 3131 826 3169; x_wconf 74' lang='lat' dir='ltr'><strong>ras.</strong></span> <span class='ocrx_word' id='word_1_275' title='bbox 845 3112 962 3181; x_wconf 84' lang='lat' dir='ltr'><strong>m.1P‚</strong></span> <span class='ocrx_word' id='word_1_276' title='bbox 982 3113 1049 3169; x_wconf 83' lang='lat' dir='ltr'>dein</span> <span class='ocrx_word' id='word_1_277' title='bbox 1069 3100 1133 3171; x_wconf 72' lang='grc' dir='ltr'><strong><em>οδε.</em></strong></span> 
     </span>
     <span class='ocr_line' id='line_1_30' title="bbox 116 3179 1131 3258; baseline -0.001 -17"><span class='ocrx_word' id='word_1_278' title='bbox 116 3187 164 3255; x_wconf 82' lang='grc' dir='ltr'><strong><em>τῆι</em></strong></span> <span class='ocrx_word' id='word_1_279' title='bbox 183 3182 238 3240; x_wconf 82' lang='grc' dir='ltr'><strong><em>ὑπὸ</em></strong></span> <span class='ocrx_word' id='word_1_280' title='bbox 258 3187 348 3254; x_wconf 84' lang='grc' dir='ltr'><em>ΑΕΒ,</em></span> <span class='ocrx_word' id='word_1_281' title='bbox 368 3185 421 3240; x_wconf 84' lang='lat' dir='ltr'>del.</span> <span class='ocrx_word' id='word_1_282' title='bbox 440 3204 477 3240; x_wconf 88' lang='lat' dir='ltr'><strong><em>m.</em></strong></span> <span class='ocrx_word' id='word_1_283' title='bbox 494 3191 519 3239; x_wconf 91' lang='lat'><strong><em>1.</em></strong></span> <span class='ocrx_word' id='word_1_284' title='bbox 601 3191 625 3240; x_wconf 79' lang='lat'><strong><em>7.</em></strong></span> <span class='ocrx_word' id='word_1_285' title='bbox 646 3181 721 3240; x_wconf 72' lang='grc' dir='ltr'><strong><em>ἐστίν</em></strong></span> <span class='ocrx_word' id='word_1_286' title='bbox 739 3185 769 3239; x_wconf 90' lang='grc' dir='ltr'><strong><em>Ρ.</em></strong></span> <span class='ocrx_word' id='word_1_287' title='bbox 852 3190 877 3240; x_wconf 89' lang='grc'><strong><em>8.</em></strong></span> <span class='ocrx_word' id='word_1_288' title='bbox 897 3179 962 3258; x_wconf 61' lang='lat' dir='ltr'><strong><em>but]</em></strong></span> <span class='ocrx_word' id='word_1_289' title='bbox 983 3205 1006 3239; x_wconf 83' lang='grc' dir='ltr'><strong><em>-ε</em></strong></span> <span class='ocrx_word' id='word_1_290' title='bbox 1025 3201 1041 3240; x_wconf 82' lang='grc' dir='ltr'>θ</span> <span class='ocrx_word' id='word_1_291' title='bbox 1062 3202 1131 3242; x_wconf 86' lang='lat' dir='ltr'>corr.</span> 
     </span>
    </p>
   </div>
   <div class='ocr_carea' id='block_1_4' title="bbox 97 3255 1134 3578">
    <p class='ocr_par' dir='ltr' id='par_1_9' title="bbox 116 3255 1134 3362">
     <span class='ocr_line' id='line_1_31' title="bbox 116 3255 1134 3362; baseline 0 -16"><span class='ocrx_word' id='word_1_292' title='bbox 116 3300 179 3348; x_wconf 65' lang='grc' dir='ltr'><strong><em>Μ</em></strong></span> <span class='ocrx_word' id='word_1_293' title='bbox 199 3293 233 3349; x_wconf 80' lang='lat' dir='ltr'><strong><em>V.</em></strong></span> <span class='ocrx_word' id='word_1_294' title='bbox 269 3312 275 3324; x_wconf 87' lang='grc'><em>·</em></span> <span class='ocrx_word' id='word_1_295' title='bbox 306 3291 368 3362; x_wconf 86' lang='grc' dir='ltr'><em>ΑΒ]</em></span> <span class='ocrx_word' id='word_1_296' title='bbox 388 3296 410 3344; x_wconf 89' lang='grc' dir='ltr'><em>Α</em></span> <span class='ocrx_word' id='word_1_297' title='bbox 429 3308 498 3347; x_wconf 78' lang='lat' dir='ltr'>eras,</span> <span class='ocrx_word' id='word_1_298' title='bbox 517 3310 544 3362; x_wconf 86' lang='lat' dir='ltr'><strong><em>p.</em></strong></span> <span class='ocrx_word' id='word_1_299' title='bbox 617 3255 832 3361; x_wconf 55' lang='grc' dir='ltr'><strong><em>τμιίγμακύδιλον</em></strong></span> <span class='ocrx_word' id='word_1_300' title='bbox 850 3292 882 3346; x_wconf 81' lang='grc' dir='ltr'><strong><em>Ε.</em></strong></span> <span class='ocrx_word' id='word_1_301' title='bbox 954 3297 980 3346; x_wconf 82' lang='grc'><strong><em>9.</em></strong></span> <span class='ocrx_word' id='word_1_302' title='bbox 1000 3294 1084 3346; x_wconf 87' lang='grc' dir='ltr'><strong><em>ΕΑΒ</em></strong></span> <span class='ocrx_word' id='word_1_303' title='bbox 1103 3293 1134 3346; x_wconf 83' lang='lat' dir='ltr'><strong><em>F.</em></strong></span> 
     </span>
    </p>

    <p class='ocr_par' dir='ltr' id='par_1_10' title="bbox 97 3359 1134 3578">
     <span class='ocr_line' id='line_1_32' title="bbox 154 3359 1133 3487; baseline 0.001 -69"><span class='ocrx_word' id='word_1_304' title='bbox 154 3370 195 3419; x_wconf 91' lang='lat'><strong><em>10.</em></strong></span> <span class='ocrx_word' id='word_1_305' title='bbox 214 3362 354 3487; x_wconf 46' lang='grc' dir='ltr'><strong><em>τῇέῙμΙλ.)</em></strong></span> <span class='ocrx_word' id='word_1_306' title='bbox 374 3379 427 3417; x_wconf 89' lang='lat' dir='ltr'><strong><em>om.</em></strong></span> <span class='ocrx_word' id='word_1_307' title='bbox 446 3363 478 3416; x_wconf 80' lang='grc' dir='ltr'><strong><em>Ε.</em></strong></span> <span class='ocrx_word' id='word_1_308' title='bbox 550 3369 591 3416; x_wconf 89' lang='lat'><strong><em>11.</em></strong></span> <span class='ocrx_word' id='word_1_309' title='bbox 617 3360 685 3416; x_wconf 79' lang='grc' dir='ltr'><strong><em>ἔστω</em></strong></span> <span class='ocrx_word' id='word_1_310' title='bbox 705 3359 790 3417; x_wconf 79' lang='grc' dir='ltr'><strong><em>πάλιν</em></strong></span> <span class='ocrx_word' id='word_1_311' title='bbox 808 3360 839 3417; x_wconf 87' lang='grc' dir='ltr'><strong><em>Ρ.</em></strong></span> <span class='ocrx_word' id='word_1_312' title='bbox 912 3368 954 3417; x_wconf 85' lang='grc'><strong><em>13.</em></strong></span> <span class='ocrx_word' id='word_1_313' title='bbox 973 3362 1080 3438; x_wconf 75' lang='grc' dir='ltr'><strong><em>γωνίᾳ]</em></strong></span> <span class='ocrx_word' id='word_1_314' title='bbox 1099 3362 1133 3429; x_wconf 75' lang='grc' dir='ltr'><strong><em>Ρς</em></strong></span> 
     </span>
     <span class='ocr_line' id='line_1_33' title="bbox 117 3428 1134 3504; baseline 0.002 -17"><span class='ocrx_word' id='word_1_315' title='bbox 117 3450 169 3488; x_wconf 85' lang='lat' dir='ltr'><strong><em>om.</em></strong></span> <span class='ocrx_word' id='word_1_316' title='bbox 189 3433 240 3487; x_wconf 83' lang='lat' dir='ltr'><strong><em>BF</em></strong></span> <span class='ocrx_word' id='word_1_317' title='bbox 275 3453 303 3504; x_wconf 89' lang='lat' dir='ltr'><strong><em>p.</em></strong></span> <span class='ocrx_word' id='word_1_318' title='bbox 388 3438 428 3488; x_wconf 82' lang='lat'><strong><em>14.</em></strong></span> <span class='ocrx_word' id='word_1_319' title='bbox 449 3429 547 3504; x_wconf 79' lang='grc' dir='ltr'><strong><em>πάλιν]</em></strong></span> <span class='ocrx_word' id='word_1_320' title='bbox 566 3433 601 3499; x_wconf 83' lang='grc' dir='ltr'><strong><em>Ε;</em></strong></span> <span class='ocrx_word' id='word_1_321' title='bbox 622 3449 675 3489; x_wconf 89' lang='lat' dir='ltr'><strong><em>om.</em></strong></span> <span class='ocrx_word' id='word_1_322' title='bbox 694 3431 730 3499; x_wconf 83' lang='lat' dir='ltr'><strong><em>P;</em></strong></span> <span class='ocrx_word' id='word_1_323' title='bbox 749 3429 803 3502; x_wconf 86' lang='grc' dir='ltr'><strong><em>γάρ</em></strong></span> <span class='ocrx_word' id='word_1_324' title='bbox 822 3428 907 3488; x_wconf 81' lang='grc' dir='ltr'><strong><em>πάλιν</em></strong></span> <span class='ocrx_word' id='word_1_325' title='bbox 926 3432 1014 3504; x_wconf 87' lang='lat' dir='ltr'><strong>BVp.</strong></span> <span class='ocrx_word' id='word_1_326' title='bbox 1093 3441 1134 3490; x_wconf 78' lang='lat'><strong><em>16.</em></strong></span> 
     </span>
     <span class='ocr_line' id='line_1_34' title="bbox 97 3501 1134 3578; baseline 0.005 -22"><span class='ocrx_word' id='word_1_327' title='bbox 97 3501 161 3572; x_wconf 71' lang='grc' dir='ltr'><strong><em>μέν</em></strong></span> <span class='ocrx_word' id='word_1_328' title='bbox 179 3505 222 3578; x_wconf 78' lang='grc' dir='ltr'><strong><em>τῷ</em></strong></span> <span class='ocrx_word' id='word_1_329' title='bbox 243 3504 272 3559; x_wconf 89' lang='lat' dir='ltr'><strong><em>V.</em></strong></span> <span class='ocrx_word' id='word_1_330' title='bbox 351 3511 393 3561; x_wconf 83' lang='lat'><strong><em>19.</em></strong></span> <span class='ocrx_word' id='word_1_331' title='bbox 412 3503 511 3577; x_wconf 79' lang='lat' dir='ltr'><strong><em>ABE]</em></strong></span> <span class='ocrx_word' id='word_1_332' title='bbox 530 3520 601 3561; x_wconf 71' lang='lat' dir='ltr'>corr,</span> <span class='ocrx_word' id='word_1_333' title='bbox 620 3521 656 3560; x_wconf 73' lang='lat' dir='ltr'><strong><em>ex</em></strong></span> <span class='ocrx_word' id='word_1_334' title='bbox 674 3506 751 3558; x_wconf 67' lang='lat' dir='ltr'><strong><em>AB?</em></strong></span> <span class='ocrx_word' id='word_1_335' title='bbox 767 3510 838 3557; x_wconf 64' lang='lat' dir='ltr'><strong><em>tm</em></strong></span> <span class='ocrx_word' id='word_1_336' title='bbox 855 3503 887 3557; x_wconf 80' lang='lat' dir='ltr'><strong><em>P.</em></strong></span> <span class='ocrx_word' id='word_1_337' title='bbox 949 3509 992 3559; x_wconf 74' lang='lat'><strong><em>20.</em></strong></span> <span class='ocrx_word' id='word_1_338' title='bbox 1012 3504 1134 3578; x_wconf 70' lang='grc' dir='ltr'><strong><em>γωνίαν]</em></strong></span> 
     </span>
    </p>
   </div>
   <div class='ocr_carea' id='block_1_5' title="bbox 0 0 1184 3818">
    <p class='ocr_par' dir='ltr' id='par_1_11' title="bbox 0 0 1184 3818">
     <span class='ocr_line' id='line_1_35' title="bbox 0 0 1184 3818; baseline 0 0"><span class='ocrx_word' id='word_1_339' title='bbox 0 0 1184 3818; x_wconf 95' lang='lat' dir='ltr'><strong><em> </em></strong></span> 
     </span>
    </p>
   </div>
  </div>
 </body>
</html>
