2356 3818
103 133 147 198 23
481 135 683 217 Σνοιαιιιαα
701 130 742 190 α’.

103 275 333 361 ἐφαρμόσουσι
355 276 410 342 καὶ
434 279 471 342 αι’
483 282 559 360 BA,
575 280 635 342 ΓΑ
658 275 710 342 ἐτιλ
732 273 791 354 τάς
810 281 888 359 BA,
904 283 937 341 A
944 281 979 342 Z.
1003 278 1034 341 εἰ
1051 273 1117 361 γάρ

104 379 201 465 βάσις
223 381 284 467 μέυ
307 379 327 467 ή
352 387 418 448 ΒΓ
437 381 489 449 ἐπὶ
512 381 614 468 βάσιν
637 380 698 466 τήν
722 388 784 448 ΕΖ
804 380 997 468 ἐφαρμόσει,
1022 382 1058 446 αί
1080 380 1120 448 δὲ

104 492 258 570 ΒΑ,ΑΓ
276 486 415 574 πλευραὶ
438 488 491 555 ἐπὶ
514 487 572 566 τὰς
595 495 675 573 EA,
689 494 756 553 AZ
780 483 842 554 οὐκ
866 484 1120 574 ἐφαρμόσουσιν

104 589 188 658 άλλά
212 591 482 680 παραλλάξουσιν
506 590 551 673 ὥς
574 597 611 660 αί
632 599 711 678 ΕΗ,
734 599 817 678 ΗΖ,
848 591 1121 678 συσταθήσονται

70 720 85 768 5
105 698 157 764 ἐπὶ
180 701 238 784 τής
260 695 364 783 αὐτῆς
387 696 522 778 εὐθείας
540 697 602 766 ὃύο
625 710 697 778 ταῖς
715 696 831 777 αὐταῖς
850 696 999 776 εὐθείαις
1018 696 1118 766 άλλαι

104 801 168 870 θύο
187 800 318 870 εὐθεῖαι
342 811 411 871 ίσαι
431 803 568 892 ἑκατέρα
587 805 726 894 ἑκατέρη
739 802 822 892 πρὸς
841 801 930 895 άλλφ
950 803 1005 871 καὶ
1024 801 1116 896 άλλρι

105 914 227 1001 σημείῳ
248 909 300 977 ἐπὶ
318 907 359 977 τά
378 907 463 977 αὐτά
483 911 566 998 μέρη
585 910 625 978 τά
646 908 730 978 αὐτὰ
748 911 873 998 τέρατα
896 914 1046 997 ἔχουσαι·
1071 908 1115 978 οὐ

104 1019 319 1083 συνίστανται
348 1016 397 1083 δέ·
426 1013 488 1082 οὐκ
511 1013 577 1103 ἄρα
600 1017 870 1103 ἐφαρμοζομένης
893 1019 950 1102 τής
973 1021 1040 1083 ΒΓ
1057 1014 1117 1102 βά-

105 1139 188 1199 σεως
211 1120 263 1188 ἐπὶ
286 1119 348 1206 τήν
368 1126 432 1187 ΕΖ
450 1119 552 1205 βάσιν
575 1118 637 1188 οὐκ
660 1120 891 1209 ἐφαρμόσουσι
914 1121 969 1188 καί
993 1123 1030 1188 αί
1042 1127 1122 1208 BA,

53 1245 86 1294 10
105 1232 174 1294 ΑΓ
197 1225 336 1314 πλευραὶ
367 1226 419 1294 ἐπὶ
442 1225 502 1304 τὰς
524 1233 605 1312 EA,
634 1234 707 1295 AZ.
756 1225 1007 1316 ἐφαρμόσουσιν
1039 1225 1120 1312 άρα·

106 1329 190 1401 ὥστε
222 1331 277 1399 καὶ
309 1336 416 1418 γωνία
447 1328 468 1418 ή
501 1329 567 1399 ὑπὸ
596 1338 699 1400 ΒΑΓ
727 1332 779 1400 ἐπὶ
807 1338 934 1419 γωνίαν
961 1331 1024 1419 τήν
1052 1328 1120 1398 ὑπὸ

107 1445 174 1504 ΕΛ
181 1444 207 1503 Ζ
226 1436 408 1525 ἐφαρμόσει
431 1437 486 1505 καὶ
510 1447 564 1523 λ’ση
589 1435 673 1526 αὐτή
698 1443 797 1506 ἐσται.

169 1539 248 1610 Ἐάν
271 1541 337 1632 άρα
361 1542 424 1611 ὃύο
447 1549 594 1632 τρίγωνα
616 1541 674 1622 τὰς
697 1543 760 1612 δύο
780 1543 923 1633 πλευράς
939 1547 1036 1628 [ταῖς]
1056 1541 1120 1610 δύο

107 1655 264 1738 αλευραίς
299 1659 371 1730 ίσας
400 1655 456 1738 ἔχη
487 1649 646 1738 ἑκατέραν
678 1650 815 1738 ἑκατέρᾳ
846 1650 901 1716 καί
928 1648 991 1735 τήν
1018 1647 1121 1734 βάσιν

55 1775 87 1824 15
106 1760 146 1844 τή
169 1756 265 1842 βάσει
294 1765 371 1843 ίσην
402 1760 458 1843 ἔχη
465 1807 475 1841 ,
511 1753 567 1822 καὶ
594 1753 656 1840 τήν
685 1761 812 1841 γωνίαν
839 1758 878 1842 τή
912 1759 1019 1844 γωνία
1043 1763 1120 1839 ίσην

106 1861 171 1942 ἕξει
203 1860 266 1947 τήν
296 1858 362 1928 ὑπὸ
390 1865 458 1929 τῶν
482 1869 566 1928 ίσων
589 1857 735 1928 εὐθειῶν
758 1861 1008 1948 περιεχομένην·
1038 1857 1121 1947 ὅπερ

103 1969 177 2071 ἐὸει
201 1968 315 2048 δείξαι.

587 2071 636 2139 θ’.

178 2194 256 2282 Τήν
294 2199 489 2262 δοθεῖσαν
526 2200 675 2280 γωνίαν
711 2193 998 2284 εὐθύγραμμον
1031 2198 1122 2281 δίχα

55 2319 89 2367 20
108 2317 250 2389 τεμεῖν.

165 2406 273 2475 Ἔστω
297 2404 318 2492 ἡ
342 2409 483 2474 δοθεῖσα
505 2411 612 2491 γωνία
635 2404 874 2496 εὐθύγραμμος
892 2403 912 2492 ή
932 2405 997 2475 ὐπὸ
1014 2414 1122 2475 ΒΑΓ.

108 2517 163 2581 osc
185 2511 226 2599 δή
252 2509 358 2597 αὐτὴν
382 2515 459 2597 δίχα
481 2525 600 2598 τεμεῖν.

175 2617 341 2705 Εἰλήφθω
370 2617 421 2685 ἐπὶ
449 2621 508 2703 τής
535 2625 600 2684 AB
627 2616 730 2706 τυχὸν
760 2631 899 2705 σημείου
922 2615 959 2685 τὸ
986 2626 1033 2704 A,
1065 2618 1122 2685 καί

108 2721 301 2812 ἀφῃρήσθω
330 2720 395 2792 άπὸ
417 2727 475 2810 τής
498 2730 568 2791 ΑΓ
585 2728 629 2813 τῇ
655 2732 724 2792 ΑΔ
747 2732 802 2810 ἴση
826 2719 847 2810 ή
871 2730 949 2807 ΑΕ,
971 2723 1027 2790 καὶ
1051 2723 1122 2790 ἐττε-

55 2845 89 2895 25
110 2829 238 2917 ζεόχθω
262 2827 282 2916 ή
308 2836 390 2915 ΔΕ,
413 2828 469 2897 καὶ
493 2830 683 2899 συνεστάτω
708 2830 761 2898 ἐπὶ
782 2834 840 2916 τής
865 2837 934 2897 ΔΕ
954 2835 1122 2916 τρίγωνον

109 2936 310 3024 ἰσόπλευρον
333 2935 371 3005 τό
397 2943 508 3022 ΔΕΖ,
532 2937 587 3004 καὶ
611 2932 833 3022 ἐπεζεύγθωή
853 2943 929 3003 ΑΖ·
954 2935 1050 3021 λέγω,
1070 2933 1121 3003 ὅτι

108 3040 128 3130 ή
162 3040 227 3109 ὑπὸ
252 3047 355 3110 ΒΑΓ
377 3049 483 3128 γωνία
512 3046 588 3130 δίχα
611 3044 764 3129 τέτμηται
791 3039 858 3110 ὑπὸ
886 3046 945 3127 τής
972 3050 1004 3108 A
1011 3048 1037 3107 Z
1068 3039 1121 3108 εὐ-

108 3153 213 3228 θείας.

181 3331 204 3381 1.
225 3320 436 3394 ἐφαρμόσουσιν
455 3326 485 3377 Ρ.
595 3329 657 3389 BA,
683 3326 742 3397 ΓΑ]
765 3326 875 3396 PBbp3
904 3330 967 3393 BA,
985 3328 1041 3378 ΑΓ
1061 3323 1122 3378 Ve

108 3410 193 3462 ουτος
219 3398 314 3450 utrum
331 3396 465 3464 praebeat
482 3396 513 3462 F,
532 3395 653 3450 discerni
670 3396 777 3464 nequit.
867 3401 892 3450 8.
912 3398 1076 3451 συνίσταται
1093 3412 1122 3464 p.

145 3471 169 3520 9,
189 3461 401 3534 ἐφαρμόσουσιν
419 3464 476 3519 PF.
568 3462 615 3536 αλ]
636 3483 720 3536 supra
738 3484 774 3522 m.
794 3484 848 3521 rec.
867 3465 897 3521 P.
972 3472 1012 3521 10.
1034 3461 1123 3534 ἐφαρ-
