2356 3818
108 147 174 212 214
487 147 688 200 ΣΤΟΙΧΕΙΩΝ
706 141 744 216 γ’.

107 297 140 355 Δ
162 291 202 376 τῇ
223 295 291 356 ΕΑ
304 289 388 374 πρὸς
411 286 519 375 ὀρθὰς
541 285 638 374 ἤχθω
657 285 678 374 ἡ
695 295 772 374 ΔΖ,
794 288 851 355 καί
870 285 1125 375 ἐπεζεύχθωσαν

106 398 144 461 αί
161 401 235 480 ΕΖ,
259 402 342 463 ΑΒ·
366 397 462 482 λέγω,
486 392 537 463 ὅτι
561 391 627 463 οάτὸ
651 398 712 462 τοῦ
732 403 764 463 Α
788 398 928 481 σημείου
946 397 1008 462 τοῦ
1027 401 1125 463 ΒΓΔ

104 499 232 568 κύκλου
256 502 467 589 ἐφαπτομένη
491 492 588 586 ἦκται
612 498 632 587 ἡ
658 508 732 569 ΑΒ.

169 604 257 675 Ἐπεὶ
289 606 354 694 γὰρ
382 606 420 676 τὸ
451 615 483 676 Ε
507 609 648 693 κέντρον
679 606 747 675 ἐστὶ
779 609 847 677 τῶν
875 612 985 688 ΒΓΔ,
1018 611 1129 672 ΑΖΗ

69 713 252 799 υκύκλωυ,
278 721 332 800 ίση
357 712 423 801 ἄρα
447 714 538 782 ἐστίν
561 711 581 800 ἡ
606 712 668 800 μὲν
692 721 759 781 ΕΑ
780 716 820 802 τῇ
846 720 919 798 ΕΖ,
949 709 1032 798 ἡδὲ
1056 718 1124 779 ΕΔ

102 824 143 907 τῇ
168 827 248 888 ΕΒ·
273 819 337 888 δύο
362 819 403 907 δὴ
428 823 467 887 αί
487 828 573 905 ΑΕ,
597 826 659 887 ΕΒ
683 818 746 887 δύο
770 833 842 900 ταῖς
867 826 941 905 ΖΕ,
964 824 1035 885 ΕΔ
1055 824 1123 885 ίσαι

103 930 207 993 είσίυ·
230 926 286 993 καὶ
310 932 436 1011 γωνίαν
458 924 578 1012 κοινὴν
602 927 791 1012 περιέχουσι
814 922 877 1011 τὴν
899 922 984 1013 πρὸς
1007 928 1055 1016 τῷ
1082 931 1119 991 Ε·

103 1030 201 1117 βάσις
225 1029 290 1114 ἄρα
313 1029 334 1118 ἡ
352 1041 386 1099 Δ
392 1039 419 1098 Ζ
432 1030 529 1118 βάσει
551 1034 591 1120 τῇ
606 1040 639 1098 Α
644 1038 672 1098 Β
688 1039 743 1117 ίση
766 1032 867 1116 ἐστίν,
891 1029 1003 1098 καὶτὸ
1021 1038 1055 1097 Δ
1061 1037 1123 1098 ΕΖ

103 1142 271 1224 τρίγωνον
294 1141 339 1227 τῷ
358 1144 459 1211 ΕΒΑ
471 1136 625 1228 τριγώνῳ
650 1134 728 1206 ἴσονΔ
749 1139 851 1223 έστίυ,
876 1135 932 1203 καὶ
955 1137 997 1202 αί’
1009 1136 1124 1204 λοιπαὶ

53 1263 85 1312 10
104 1248 226 1328 γωνίαι
254 1255 326 1321 ταῖς
353 1249 485 1323 λοιπαῖς
512 1249 666 1329 γωνίαις·
705 1251 760 1329 ίση
789 1239 856 1329 ἄρα
882 1238 904 1328 ἡ
928 1238 996 1309 ὑπὸ
1021 1248 1124 1309 ΕΛΖ

103 1350 143 1434 τῇ
167 1343 233 1414 ὑπὸ
259 1355 369 1416 ΕΒΑ.
394 1346 482 1435 ὀρθὴ
508 1349 545 1417 δὲ
567 1347 588 1435 ἡ
612 1345 679 1417 ὑπὸ
703 1355 824 1416 ΕΔΖ·
861 1345 952 1437 ὀρθὴ
976 1345 1044 1436 ἄρα
1069 1347 1123 1415 καί

102 1449 122 1538 ἡ
147 1448 213 1520 ὑπὸ
238 1460 347 1522 ΕΒΑ.
386 1462 445 1522 καί
461 1458 551 1523 ἐστιν
574 1452 595 1541 ἡ
620 1462 683 1522 ΕΒ
708 1457 743 1523 ἐκ
766 1458 827 1522 τοῦ
852 1454 1012 1542 κέντρου·
1040 1450 1063 1540 ἡ
1088 1452 1124 1520 δὲ

102 1562 142 1646 τῇ
172 1559 337 1651 διαμέτρῳ
365 1564 426 1628 τοῦ
450 1560 577 1628 κύκλου
599 1559 683 1647 πρὸς
707 1558 814 1646 ὀρθὰς
836 1557 894 1629 ἀπ’
920 1557 1025 1647 ἄκρας
1047 1556 1125 1646 ἆγο-

103 1666 186 1751 μέυη
211 1666 390 1752 ἐφάπτεται
413 1670 474 1734 τοῦ
493 1666 640 1735 κύκλου·
664 1664 685 1752 ἡ
703 1673 768 1735 ΑΒ
783 1664 850 1753 ἄρα
868 1664 1048 1752 ἐφάπτεται
1062 1666 1124 1732 τοῦ

52 1794 86 1842 15
107 1776 203 1838 ΒΓΔ
225 1770 359 1840 κύκλου.

168 1874 246 1945 Ἀπό
265 1880 340 1946 ,τοῦ
373 1876 440 1964 ἄρα
469 1878 631 1958 δοθέντος
659 1883 799 1965 σημείου
825 1879 887 1944 τοῦ
916 1888 947 1944 Α
973 1879 1037 1944 τοῦ
1068 1881 1124 1945 ἃο·

102 1985 225 2062 θέντος
251 1982 377 2052 κύκλου
404 1988 465 2052 τοῦ
490 1992 518 2051 Β
525 1989 587 2052 ΓΔ
610 1985 820 2070 ἐφαπτομένη
845 1981 964 2051 εὐθεῖα
985 1982 1122 2073 γραμμὴ

103 2081 199 2174 ἦκται
223 2088 243 2177 ἡ
269 2098 351 2158 ΑΒ·
376 2089 457 2179 ὅπερ
482 2094 550 2158 ἔδει
573 2094 719 2177 ποιῆσαι.

586 2310 648 2370 ιη.

52 2431 87 2480 20
172 2403 255 2474 Ἐὰν
283 2406 432 2474 κύκλου
461 2406 684 2493 ἐφάπτηταί
708 2433 766 2485 τις
794 2402 949 2491 εὐθεῖα,
981 2403 1057 2474 ἀπὸ
1084 2407 1125 2475 δὲ

104 2517 174 2580 τοῦ
209 2512 378 2598 κέντρου
411 2511 471 2579 ἐπὶ
504 2509 576 2597 τὴν
604 2509 710 2598 ἁφὴν
739 2514 950 2599 ἐπιζευχθῇ
978 2536 1036 2591 τις
1060 2509 1124 2580 εὐ-

105 2627 213 2702 θεῖα,
246 2615 268 2704 ἡ
301 2620 578 2703 ἐπιζευχθεῖσα
612 2620 783 2696 κιῖθετος
815 2622 924 2684 ἔσται
957 2616 1018 2684 ἐπὶ
1050 2617 1125 2705 τὴν

106 2724 396 2810 ἐφαπτομένην.

174 2829 314 2897 Κύκλου
343 2828 408 2916 γὰρ
438 2832 499 2896 τοῦ
523 2835 629 2895 ΑΒΓ
655 2831 854 2915 ἐφαπτέσθω
882 2854 932 2907 τις
958 2826 1080 2896 εὐθεῖα
1104 2827 1125 2915 ἡ

51 2959 86 3009 25
107 2943 176 3004 ΔΕ
205 2933 286 3002 κατὰ
321 2932 357 3001 τὸ
390 2940 422 3001 Γ
455 2947 607 3021 σημεῖον,
640 2936 695 3001 καὶ
729 2934 882 3021 εἰλήφθω
914 2931 953 3001 τὸ
982 2934 1126 3022 κέντρου

176 3112 273 3168 XVIII.
295 3110 455 3181 Simplicius
474 3111 504 3165 in
522 3111 638 3166 Aristot.
658 3111 692 3165 de
713 3111 791 3166 coelo
810 3110 951 3165 f01.131u.

139 3229 145 3233 ·
179 3280 202 3329 1.
223 3228 287 3397 mi
308 3274 360 3325 ΑΕ
380 3290 406 3340 p.
479 3277 504 3324 2.
525 3275 611 3324 ΒΔΓ
627 3272 656 3324 F.
716 3277 740 3325 3.
761 3268 879 3342 κύκλου]
899 3275 967 3325 m.2
986 3270 1052 3340 posi
1072 3266 1125 3340 έφ-

105 3343 249 3470 ην
281 3345 300 3412 ³
317 3342 551 3536 ωηεν-ι-
625 3335 747 3465 ιηι
842 3341 911 3482 ιη
936 3341 1125 3466 κιαι

100 3502 138 3539 ιω.
155 3490 179 3538 2.
270 3489 292 3538 7.
313 3483 398 3555 εἰσιν]
444 3484 475 3551 Ε,
494 3481 552 3537 εἰσί
568 3483 661 3553 uulgo.
747 3481 926 3550 περιέχουσιν
946 3484 976 3538 Ρ.
1058 3477 1124 3553 τήν]
