2356 3818
83 105 129 170 22
463 111 665 162 nomm·
682 105 724 164 α’.

85 256 157 316 ίσαι
190 250 278 316 είσῖν
315 249 452 335 ἑκατέρα
480 251 630 341 ἑκατέρᾳ·
661 253 714 318 καὶ
739 258 847 337 γωνιά
869 251 889 337 ἡ
914 250 979 320 ὑπὸ
1003 260 1111 320 ΒΖΓ

86 359 197 443 γωνίᾳ
225 359 266 442 τῇ
295 352 360 422 ὑπὸ
384 363 485 424 ΓΗΒ
513 367 584 443 ίση,
615 357 668 424 καί
697 357 795 442 βάσις
822 356 935 426 αὐτῶν
956 360 1056 445 κοινὴ
1080 387 1104 446 η

84 465 164 527 ΒΓ·
200 462 256 527 καλ
284 459 322 528 τὸ
351 468 453 530 ΒΖΓ
474 461 541 547 ἄρα
562 469 729 549 τρίγωνον
751 468 797 557 τῷ
821 470 922 532 ΓΗΒ
943 464 1102 556 τριγώνῳ

84 573 161 632 ἴσον
184 571 288 651 ἔσται,
309 570 365 634 ιιαλ
389 571 427 634 αί
447 571 560 636 λοιπαὶ
584 577 703 654 γωνίαι
721 584 793 649 ταῖς
810 579 943 649 λοιπαῖς
961 577 1104 656 γωνίαις
1139 614 1142 619 -

49 679 157 739 σίσαι
185 677 322 741 ἔσονται
345 675 484 761 ἑκατέρα
506 676 660 765 ἑκατέρᾳ,
680 672 795 761 ὑφ’ἃς
817 679 855 742 αι’
870 686 940 745 ίσαι
959 679 1103 763 πλευραὶ

82 774 339 848 ὑποτείνουσιν·
363 790 419 867 ίση
442 779 509 867 ἀρα
532 782 622 849 ἐστὶν
644 779 667 868 ἡ
689 782 751 868 μὲν
775 779 839 849 ὑπὸ
860 789 960 850 ΖΒΓ
973 787 1013 870 τῇ
1033 781 1104 852 ὑπὸ

82 889 187 952 ΗΓΒ
211 882 232 971 ή
258 885 295 954 ὑὲ
318 883 384 953 ὑπὸ
408 893 503 955 ΒΓΖ
525 892 565 974 τῇ
588 884 655 954 ὑπὸ
680 893 788 955 ΓΒΗ.
825 889 892 955 ἐπεὶ
913 880 978 956 οὖν
996 887 1104 976 ὅληή

82 986 154 1057 ἀπὸ
185 998 298 1057 ΑΒΗ
320 995 427 1075 γωνία
453 989 515 1078 ὅλη
542 996 582 1078 τῇ
609 989 676 1059 ὑπὸ
704 999 801 1060 ΑΓΖ
829 999 935 1081 γωνίᾳ
963 997 1105 1081 ἐδείχθη

82 1103 150 1181 ἴση,
174 1087 226 1163 ῶν
249 1094 270 1180 ἡ
294 1094 363 1163 ὑπὸ
387 1101 493 1163 ΓΒΗ
511 1102 550 1184 τῇ
573 1095 640 1165 ὑπὸ
664 1104 757 1165 ΒΓΖ
781 1108 847 1185 ἴση,
870 1097 969 1184 λοιπὴ
992 1099 1104 1187 ἀραί]

47 1198 150 1269 οὖπό
181 1207 288 1268 ΑΒΓ
315 1206 414 1289 λοιπή
445 1207 485 1290 τῇ
517 1200 584 1270 ὑπὸ
611 1210 709 1272 ΑΓΒ
738 1207 828 1272 ἐστιν
851 1215 922 1290 ἴση·
954 1211 1014 1271 καί
1034 1211 1103 1274 είσι

80 1304 165 1393 πρὸς
190 1311 231 1394 τῇ
259 1304 356 1391 βάσει
386 1311 449 1374 τοῦ
477 1313 579 1375 ΑΒΓ
601 1307 777 1394 τριγώνου.
815 1312 950 1395 ἐδείχθη
979 1312 1017 1378 δὲ
1044 1313 1104 1379 καὶ

80 1409 103 1498 ἡ
130 1409 196 1480 ὑπὸ
225 1417 328 1479 ΖΒΓ
349 1417 389 1501 τῇ
417 1409 483 1480 ὑπὸ
512 1419 615 1480 ΗΓΒ
642 1422 711 1500 ίση·
744 1419 804 1480 καί
828 1418 914 1481 εἰσιν
941 1413 1008 1483 ὑπὸ
1036 1415 1103 1504 τήν

80 1516 191 1604 βάσιν.

151 1628 228 1692 Τῶν
256 1620 323 1710 ἀρα
350 1627 535 1692 ἰσοσκελῶν
564 1624 739 1711 τριγώνων
767 1628 804 1691 αἱ
828 1624 912 1713 πρὸς
939 1630 979 1712 τῇ
1002 1628 1105 1715 βάσει

48 1749 65 1799 5
83 1735 203 1816 γωνίαι
227 1739 298 1798 ἴσαι
321 1728 480 1817 ἀλλήλαις
499 1734 597 1816 εἰσίν,
615 1733 670 1797 καὶ
692 1736 1009 1818 προσεκβληθεισῶν
1031 1739 1106 1803 τῶν

83 1845 168 1905 ἴσων
191 1834 340 1905 εὐθειῶν
364 1839 401 1903 αί
421 1833 488 1904 ὑπὸ
509 1835 573 1922 τὴν
590 1835 692 1922 βάσιν
709 1842 830 1923 γωνίαι
849 1846 918 1905 ίσαι
939 1837 1107 1925 ἀλλήλαις

83 1948 233 2013 ἔσονται·
258 1941 340 2031 ὅπερ
363 1947 430 2012 ἔδει
455 1943 569 2024 δεῖξαι.

571 2119 614 2188 ς’.

147 2240 237 2310 Ἐὰν
259 2242 460 2329 τριγώνου
483 2243 526 2306 αί
547 2239 621 2306 δύο
644 2245 784 2325 γωνίαι
809 2249 889 2307 ἶσαι
911 2236 1105 2327 ἀλλήλαις

47 2339 197 2437 θῶσιν,
216 2348 282 2416 καὶ
302 2352 344 2416 αἱ
360 2345 436 2416 ὑπὸ
456 2344 526 2425 τὰς
548 2354 634 2424 ἴσας
651 2351 798 2430 γωνίας
815 2343 1105 2420 ὑποτείνουσαι

83 2456 249 2543 πλευραὶ
273 2465 358 2524 ἴσαι
382 2450 575 2538 ἀλλήλαις
598 2455 767 2518 ἔσονται.

141 2558 250 2630 Ἔστω
273 2566 441 2650 τρίγωνον
463 2557 502 2626 τὸ
518 2563 623 2625 ΑΒΓ
641 2566 720 2642 ίσην
742 2562 821 2640 ἔχον
841 2553 903 2640 τὴν
921 2553 988 2625 ὑπὸ
1002 2568 1109 2630 ΑΒΓ

82 2671 213 2748 γωνίαν
236 2673 276 2758 τῇ
300 2667 366 2738 ὑπὸ
385 2673 484 2736 ΑΓΒ
507 2669 632 2752 γωνίᾳ·
655 2663 752 2747 λέγω,
775 2659 827 2728 ὅτι
850 2662 905 2727 καὶ
928 2665 1056 2751 πλευρά
1081 2666 1102 2756 ἡ

85 2776 153 2837 ΑΒ
174 2780 302 2867 πλευρᾷ
324 2778 364 2865 τῇ
388 2777 457 2841 ΑΓ
476 2774 567 2839 ἐστιν
591 2777 655 2854 ἴση.

46 2882 64 2935 ⁶
151 2880 183 2943 δῖ
204 2878 268 2971 γὰρ
291 2880 411 2961 ἄνισός
434 2881 525 2947 ἐστιν
548 2872 569 2960 ἡ
590 2880 655 2941 ΑΒ
674 2877 713 2960 τῇ
733 2877 808 2956 ΑΓ,
831 2869 852 2959 ἡ
872 2872 968 2956 ἑτέρα
986 2876 1104 2947 αὐτῶν

81 2982 203 3063 Μίλων
227 2988 328 3059 ἐστίν.
364 2993 449 3056 ἔστω
472 2988 593 3070 μείζων
611 2976 632 3064 ἡ
648 2986 680 3044 A
686 2984 724 3062 B,
747 2975 803 3042 καὶ
823 2974 1015 3065 ἀφῃρήσθω
1034 2980 1102 3053 ἀπὸ

80 3084 141 3169 τῆς
162 3095 314 3178 μείζονος
335 3099 395 3183 τῆς
416 3099 482 3160 ΑΒ
512 3091 552 3177 τῇ
576 3083 727 3154 ἐλάττονι
750 3086 789 3170 τῇ
814 3089 883 3150 ΑΓ
901 3093 956 3171 ίση
981 3084 1002 3173 ἡ
1025 3097 1105 3175 ΔΒ,

80 3186 138 3255 ml
159 3195 350 3290 ἐπεζεύχθω
373 3198 394 3287 ἡ
420 3202 494 3266 ΔΓ.

81 3310 299 3340 κι-

150 3364 353 3450 &labdon
371 3376 405 3433 V.
479 3368 575 3440 ΖΒΓ]
596 3361 741 3419 inras.V.
817 3369 841 3416 7.
862 3366 960 3454 ΗΓΒ]
980 3383 1051 3453 qon.
1071 3389 1107 3427 ex

94 3426 166 3489 H!
183 3434 222 3495 V.
298 3453 324 3506 9,
344 3447 402 3519 ἴση]
422 3444 495 3515 (aliz.)
511 3436 588 3494 ἔστιν
602 3438 648 3502 ἴση
666 3432 692 3485 V
707 3448 722 3484 θ
737 3447 805 3485 corr.
880 3439 922 3488 10.
941 3438 1011 3508 νιιο]
1033 3442 1106 3511 (alt.)
