<?xml version="1.0" encoding="UTF-8"?>
<!DOCTYPE html PUBLIC "-//W3C//DTD XHTML 1.0 Transitional//EN"
    "http://www.w3.org/TR/xhtml1/DTD/xhtml1-transitional.dtd">
<html xmlns="http://www.w3.org/1999/xhtml" xml:lang="en" lang="en">
 <head>
  <title>
</title>
<meta http-equiv="Content-Type" content="text/html;charset=utf-8" />
  <meta name='ocr-system' content='tesseract 3.04.00' />
  <meta name='ocr-capabilities' content='ocr_page ocr_carea ocr_par ocr_line ocrx_word'/>
</head>
<body>
  <div class='ocr_page' id='page_1' title='image "./euclidisoperaom07unkngoog_0111.png"; bbox 0 0 2356 3818; ppageno 0'>
   <div class='ocr_carea' id='block_1_1' title="bbox 488 153 748 213">
    <p class='ocr_par' dir='ltr' id='par_1_1' title="bbox 488 153 748 213">
     <span class='ocr_line' id='line_1_1' title="bbox 488 153 748 213; baseline 0 -2"><span class='ocrx_word' id='word_1_1' title='bbox 488 159 690 212; x_wconf 72' lang='grc' dir='ltr'>ΣΤΟΙΧΕΙΩΝ</span> <span class='ocrx_word' id='word_1_2' title='bbox 708 153 748 213; x_wconf 82' lang='grc' dir='ltr'><strong><em>α’.</em></strong></span> 
     </span>
    </p>
   </div>
   <div class='ocr_carea' id='block_1_2' title="bbox 52 350 1126 3002">
    <p class='ocr_par' dir='ltr' id='par_1_2' title="bbox 575 350 650 438">
     <span class='ocr_line' id='line_1_2' title="bbox 575 350 650 438; baseline -0.013 0"><span class='ocrx_word' id='word_1_3' title='bbox 575 350 650 438; x_wconf 70' lang='grc' dir='ltr'><strong><em>οβ’·</em></strong></span> 
     </span>
    </p>

    <p class='ocr_par' dir='ltr' id='par_1_3' title="bbox 108 473 1123 780">
     <span class='ocr_line' id='line_1_3' title="bbox 180 473 1122 568; baseline -0.004 -23"><span class='ocrx_word' id='word_1_4' title='bbox 180 482 237 568; x_wconf 78' lang='grc' dir='ltr'><strong><em>Τῳ</em></strong></span> <span class='ocrx_word' id='word_1_5' title='bbox 262 475 428 544; x_wconf 76' lang='grc' dir='ltr'><strong><em>δοθέντι</em></strong></span> <span class='ocrx_word' id='word_1_6' title='bbox 451 474 629 566; x_wconf 77' lang='grc' dir='ltr'><strong><em>τριγώνῳ</em></strong></span> <span class='ocrx_word' id='word_1_7' title='bbox 654 483 744 542; x_wconf 89' lang='grc' dir='ltr'><strong><em>ἴσον</em></strong></span> <span class='ocrx_word' id='word_1_8' title='bbox 766 473 1122 563; x_wconf 75' lang='grc' dir='ltr'><strong><em>παραλληλόγραμ-</em></strong></span> 
     </span>
     <span class='ocr_line' id='line_1_4' title="bbox 110 577 1123 672; baseline -0.007 -19"><span class='ocrx_word' id='word_1_9' title='bbox 110 612 183 672; x_wconf 90' lang='grc' dir='ltr'><strong><em>μον</em></strong></span> <span class='ocrx_word' id='word_1_10' title='bbox 212 580 490 668; x_wconf 79' lang='grc' dir='ltr'><strong><em>συστήσασθαι</em></strong></span> <span class='ocrx_word' id='word_1_11' title='bbox 517 581 560 648; x_wconf 80' lang='grc' dir='ltr'><strong><em>ἐν</em></strong></span> <span class='ocrx_word' id='word_1_12' title='bbox 587 585 631 668; x_wconf 74' lang='grc' dir='ltr'><strong><em>τῇ</em></strong></span> <span class='ocrx_word' id='word_1_13' title='bbox 663 584 832 669; x_wconf 77' lang='grc' dir='ltr'><em>δοθείσῃ</em></span> <span class='ocrx_word' id='word_1_14' title='bbox 855 585 981 669; x_wconf 90' lang='grc' dir='ltr'><strong><em>γωνίᾳ</em></strong></span> <span class='ocrx_word' id='word_1_15' title='bbox 1003 577 1123 647; x_wconf 84' lang='grc' dir='ltr'><strong><em>εὐθυ·</em></strong></span> 
     </span>
     <span class='ocr_line' id='line_1_5' title="bbox 108 691 282 780; baseline 0.017 -3"><span class='ocrx_word' id='word_1_16' title='bbox 108 691 282 780; x_wconf 74' lang='grc' dir='ltr'><strong><em>ιοάνιν·</em></strong></span> 
     </span>
    </p>

    <p class='ocr_par' dir='ltr' id='par_1_4' title="bbox 72 789 1122 1204">
     <span class='ocr_line' id='line_1_6' title="bbox 72 789 1122 880; baseline 0.004 -23"><span class='ocrx_word' id='word_1_17' title='bbox 72 807 89 857; x_wconf 81' lang='grc' dir='ltr'><strong><em>σ</em></strong></span> <span class='ocrx_word' id='word_1_18' title='bbox 165 795 275 865; x_wconf 87' lang='grc' dir='ltr'><strong><em>Ἕστω</em></strong></span> <span class='ocrx_word' id='word_1_19' title='bbox 304 791 343 861; x_wconf 87' lang='grc' dir='ltr'><strong><em>τὸ</em></strong></span> <span class='ocrx_word' id='word_1_20' title='bbox 366 792 428 880; x_wconf 72' lang='grc' dir='ltr'><strong><em>μὲν</em></strong></span> <span class='ocrx_word' id='word_1_21' title='bbox 452 791 557 861; x_wconf 74' lang='grc' dir='ltr'><strong><em>δοθὲν</em></strong></span> <span class='ocrx_word' id='word_1_22' title='bbox 579 799 747 880; x_wconf 88' lang='grc' dir='ltr'><strong><em>τρίγωνον</em></strong></span> <span class='ocrx_word' id='word_1_23' title='bbox 769 790 807 860; x_wconf 89' lang='grc' dir='ltr'><strong><em>τὸ</em></strong></span> <span class='ocrx_word' id='word_1_24' title='bbox 831 798 941 878; x_wconf 86' lang='grc' dir='ltr'><em>ΑΒΓ,</em></span> <span class='ocrx_word' id='word_1_25' title='bbox 960 789 981 879; x_wconf 79' lang='grc' dir='ltr'><em>ἡ</em></span> <span class='ocrx_word' id='word_1_26' title='bbox 1005 791 1043 861; x_wconf 75' lang='grc' dir='ltr'><strong><em>δὲ</em></strong></span> <span class='ocrx_word' id='word_1_27' title='bbox 1066 796 1122 861; x_wconf 78' lang='grc' dir='ltr'><strong><em>θο-</em></strong></span> 
     </span>
     <span class='ocr_line' id='line_1_7' title="bbox 108 896 1121 991; baseline -0.007 -19"><span class='ocrx_word' id='word_1_28' title='bbox 108 913 209 972; x_wconf 87' lang='grc' dir='ltr'><strong><em>θείσα</em></strong></span> <span class='ocrx_word' id='word_1_29' title='bbox 230 905 339 986; x_wconf 90' lang='grc' dir='ltr'><strong><em>γωνία</em></strong></span> <span class='ocrx_word' id='word_1_30' title='bbox 361 897 601 987; x_wconf 76' lang='grc' dir='ltr'><em>εὐθύγραμμος</em></span> <span class='ocrx_word' id='word_1_31' title='bbox 623 896 644 986; x_wconf 79' lang='grc' dir='ltr'><em>ἡ</em></span> <span class='ocrx_word' id='word_1_32' title='bbox 664 908 713 966; x_wconf 94' lang='grc' dir='ltr'><strong><em>Δ·</em></strong></span> <span class='ocrx_word' id='word_1_33' title='bbox 738 902 791 966; x_wconf 76' lang='grc' dir='ltr'><strong><em>δεῖ</em></strong></span> <span class='ocrx_word' id='word_1_34' title='bbox 809 897 851 986; x_wconf 76' lang='grc' dir='ltr'><strong><em>δὴ</em></strong></span> <span class='ocrx_word' id='word_1_35' title='bbox 870 902 915 991; x_wconf 74' lang='grc' dir='ltr'><strong><em>τῷ</em></strong></span> <span class='ocrx_word' id='word_1_36' title='bbox 935 904 1039 966; x_wconf 90' lang='grc' dir='ltr'><strong><em>ΑΒΓ</em></strong></span> <span class='ocrx_word' id='word_1_37' title='bbox 1052 925 1121 988; x_wconf 91' lang='grc' dir='ltr'><strong><em>τρι-</em></strong></span> 
     </span>
     <span class='ocr_line' id='line_1_8' title="bbox 107 1004 1122 1101; baseline -0.005 -23"><span class='ocrx_word' id='word_1_38' title='bbox 107 1009 206 1101; x_wconf 87' lang='grc' dir='ltr'><strong><em>γώνῳ</em></strong></span> <span class='ocrx_word' id='word_1_39' title='bbox 237 1016 313 1074; x_wconf 91' lang='grc' dir='ltr'><strong><em>ἴσον</em></strong></span> <span class='ocrx_word' id='word_1_40' title='bbox 336 1007 683 1091; x_wconf 80' lang='grc' dir='ltr'><strong><em>παραλληλόγραμμον</em></strong></span> <span class='ocrx_word' id='word_1_41' title='bbox 707 1004 939 1091; x_wconf 81' lang='grc' dir='ltr'><strong><em>συστήσασθαι</em></strong></span> <span class='ocrx_word' id='word_1_42' title='bbox 963 1006 1001 1072; x_wconf 78' lang='grc' dir='ltr'><strong><em>ἐν</em></strong></span> <span class='ocrx_word' id='word_1_43' title='bbox 1024 1008 1064 1093; x_wconf 81' lang='grc' dir='ltr'><strong><em>τῇ</em></strong></span> <span class='ocrx_word' id='word_1_44' title='bbox 1089 1014 1122 1073; x_wconf 94' lang='grc' dir='ltr'><em>Δ</em></span> 
     </span>
     <span class='ocr_line' id='line_1_9' title="bbox 108 1109 476 1204; baseline -0.008 0"><span class='ocrx_word' id='word_1_45' title='bbox 108 1121 215 1204; x_wconf 75' lang='grc' dir='ltr'><strong><em>ιννῖι</em></strong></span> <span class='ocrx_word' id='word_1_46' title='bbox 239 1109 476 1201; x_wconf 48' lang='lat' dir='ltr'><strong><em>⁸¹³³«)er-</em></strong></span> 
     </span>
    </p>

    <p class='ocr_par' dir='ltr' id='par_1_5' title="bbox 179 1213 1120 1304">
     <span class='ocr_line' id='line_1_10' title="bbox 179 1213 1120 1304; baseline -0.001 -18"><span class='ocrx_word' id='word_1_47' title='bbox 179 1217 361 1304; x_wconf 73' lang='grc' dir='ltr'><strong><em>Τετμήσθω</em></strong></span> <span class='ocrx_word' id='word_1_48' title='bbox 384 1213 405 1303; x_wconf 81' lang='grc' dir='ltr'><em>ἡ</em></span> <span class='ocrx_word' id='word_1_49' title='bbox 429 1221 495 1285; x_wconf 89' lang='grc' dir='ltr'><strong><em>ΒΓ</em></strong></span> <span class='ocrx_word' id='word_1_50' title='bbox 515 1217 591 1302; x_wconf 77' lang='grc' dir='ltr'><strong><em>δίχα</em></strong></span> <span class='ocrx_word' id='word_1_51' title='bbox 614 1216 696 1285; x_wconf 82' lang='grc' dir='ltr'><strong><em>κατὰ</em></strong></span> <span class='ocrx_word' id='word_1_52' title='bbox 720 1218 757 1286; x_wconf 89' lang='grc' dir='ltr'><strong><em>τὸ</em></strong></span> <span class='ocrx_word' id='word_1_53' title='bbox 783 1225 828 1303; x_wconf 87' lang='grc' dir='ltr'><strong><em>Ε,</em></strong></span> <span class='ocrx_word' id='word_1_54' title='bbox 855 1215 911 1284; x_wconf 82' lang='grc' dir='ltr'><strong><em>καὶ</em></strong></span> <span class='ocrx_word' id='word_1_55' title='bbox 934 1215 1120 1304; x_wconf 78' lang='grc' dir='ltr'><strong><em>ἐπεζεύχθω</em></strong></span> 
     </span>
    </p>

    <p class='ocr_par' dir='ltr' id='par_1_6' title="bbox 55 1320 1122 1837">
     <span class='ocr_line' id='line_1_11' title="bbox 55 1320 1121 1416; baseline 0.006 -31"><span class='ocrx_word' id='word_1_56' title='bbox 55 1324 129 1413; x_wconf 85' lang='grc' dir='ltr'><strong><em>1οὴ</em></strong></span> <span class='ocrx_word' id='word_1_57' title='bbox 153 1332 237 1409; x_wconf 85' lang='grc' dir='ltr'><strong><em>ΑΕ,</em></strong></span> <span class='ocrx_word' id='word_1_58' title='bbox 264 1323 320 1390; x_wconf 84' lang='grc' dir='ltr'><strong><em>καῖ</em></strong></span> <span class='ocrx_word' id='word_1_59' title='bbox 353 1320 543 1390; x_wconf 79' lang='grc' dir='ltr'><strong><em>συνεστάτω</em></strong></span> <span class='ocrx_word' id='word_1_60' title='bbox 575 1321 659 1410; x_wconf 78' lang='grc' dir='ltr'><strong><em>πρὸς</em></strong></span> <span class='ocrx_word' id='word_1_61' title='bbox 687 1327 727 1413; x_wconf 71' lang='grc' dir='ltr'><strong><em>τῇ</em></strong></span> <span class='ocrx_word' id='word_1_62' title='bbox 755 1329 820 1392; x_wconf 91' lang='grc' dir='ltr'><strong><em>ΕΓ</em></strong></span> <span class='ocrx_word' id='word_1_63' title='bbox 845 1321 963 1412; x_wconf 78' lang='grc' dir='ltr'><strong><em>εὐθείᾳ</em></strong></span> <span class='ocrx_word' id='word_1_64' title='bbox 989 1325 1045 1391; x_wconf 83' lang='grc' dir='ltr'><strong><em>καὶ</em></strong></span> <span class='ocrx_word' id='word_1_65' title='bbox 1075 1327 1121 1416; x_wconf 70' lang='grc' dir='ltr'><strong><em>τῷ</em></strong></span> 
     </span>
     <span class='ocr_line' id='line_1_12' title="bbox 107 1426 1122 1520; baseline -0.003 -21"><span class='ocrx_word' id='word_1_66' title='bbox 107 1429 190 1520; x_wconf 83' lang='grc' dir='ltr'><strong><em>πρὸς</em></strong></span> <span class='ocrx_word' id='word_1_67' title='bbox 213 1431 296 1517; x_wconf 75' lang='grc' dir='ltr'><strong><em>αὐτῇ</em></strong></span> <span class='ocrx_word' id='word_1_68' title='bbox 320 1433 444 1519; x_wconf 85' lang='grc' dir='ltr'><strong><em>σημείῳ</em></strong></span> <span class='ocrx_word' id='word_1_69' title='bbox 467 1431 513 1519; x_wconf 77' lang='grc' dir='ltr'><strong><em>τῷ</em></strong></span> <span class='ocrx_word' id='word_1_70' title='bbox 528 1435 560 1494; x_wconf 87' lang='grc' dir='ltr'><em>Ε</em></span> <span class='ocrx_word' id='word_1_71' title='bbox 578 1432 618 1516; x_wconf 74' lang='grc' dir='ltr'><strong><em>τῇ</em></strong></span> <span class='ocrx_word' id='word_1_72' title='bbox 634 1438 667 1495; x_wconf 91' lang='grc' dir='ltr'><em>Δ</em></span> <span class='ocrx_word' id='word_1_73' title='bbox 680 1438 787 1520; x_wconf 80' lang='grc' dir='ltr'><strong><em>γωνίᾳ</em></strong></span> <span class='ocrx_word' id='word_1_74' title='bbox 810 1440 865 1518; x_wconf 91' lang='grc' dir='ltr'><strong><em>ἴση</em></strong></span> <span class='ocrx_word' id='word_1_75' title='bbox 889 1426 910 1517; x_wconf 81' lang='grc' dir='ltr'><em>ἡ</em></span> <span class='ocrx_word' id='word_1_76' title='bbox 934 1427 999 1497; x_wconf 80' lang='grc' dir='ltr'><strong><em>ὑπὸ</em></strong></span> <span class='ocrx_word' id='word_1_77' title='bbox 1013 1435 1122 1516; x_wconf 85' lang='grc' dir='ltr'><em>ΓΕΖ,</em></span> 
     </span>
     <span class='ocr_line' id='line_1_13' title="bbox 105 1532 1120 1624; baseline -0.002 -20"><span class='ocrx_word' id='word_1_78' title='bbox 105 1537 163 1604; x_wconf 80' lang='grc' dir='ltr'><strong><em>καὶ</em></strong></span> <span class='ocrx_word' id='word_1_79' title='bbox 191 1534 247 1604; x_wconf 76' lang='grc' dir='ltr'><strong><em>διὰ</em></strong></span> <span class='ocrx_word' id='word_1_80' title='bbox 270 1535 332 1622; x_wconf 74' lang='grc' dir='ltr'><strong><em>μὲν</em></strong></span> <span class='ocrx_word' id='word_1_81' title='bbox 355 1538 416 1604; x_wconf 82' lang='grc' dir='ltr'><strong><em>τοῦ</em></strong></span> <span class='ocrx_word' id='word_1_82' title='bbox 439 1543 471 1601; x_wconf 93' lang='grc' dir='ltr'><em>Α</em></span> <span class='ocrx_word' id='word_1_83' title='bbox 493 1537 532 1622; x_wconf 75' lang='grc' dir='ltr'><strong><em>τῇ</em></strong></span> <span class='ocrx_word' id='word_1_84' title='bbox 555 1540 622 1601; x_wconf 88' lang='grc' dir='ltr'><strong><em>ΕΓ</em></strong></span> <span class='ocrx_word' id='word_1_85' title='bbox 641 1534 851 1624; x_wconf 78' lang='grc' dir='ltr'><strong><em>παράλληλος</em></strong></span> <span class='ocrx_word' id='word_1_86' title='bbox 873 1534 970 1622; x_wconf 77' lang='grc' dir='ltr'><strong><em>ἤχθω</em></strong></span> <span class='ocrx_word' id='word_1_87' title='bbox 994 1532 1015 1623; x_wconf 81' lang='grc' dir='ltr'><em>ἡ</em></span> <span class='ocrx_word' id='word_1_88' title='bbox 1038 1543 1120 1622; x_wconf 86' lang='grc' dir='ltr'><strong><em>ΑΗ,</em></strong></span> 
     </span>
     <span class='ocr_line' id='line_1_14' title="bbox 108 1637 1122 1729; baseline -0.001 -19"><span class='ocrx_word' id='word_1_89' title='bbox 108 1642 164 1710; x_wconf 75' lang='grc' dir='ltr'><strong><em>διὰ</em></strong></span> <span class='ocrx_word' id='word_1_90' title='bbox 188 1642 227 1711; x_wconf 71' lang='grc' dir='ltr'><strong><em>δὲ</em></strong></span> <span class='ocrx_word' id='word_1_91' title='bbox 248 1643 310 1709; x_wconf 83' lang='grc' dir='ltr'><strong><em>τοῦ</em></strong></span> <span class='ocrx_word' id='word_1_92' title='bbox 333 1647 366 1709; x_wconf 93' lang='grc' dir='ltr'><strong><em>Γ</em></strong></span> <span class='ocrx_word' id='word_1_93' title='bbox 383 1645 423 1728; x_wconf 72' lang='grc' dir='ltr'><strong><em>τῇ</em></strong></span> <span class='ocrx_word' id='word_1_94' title='bbox 449 1647 510 1706; x_wconf 92' lang='grc' dir='ltr'><strong><em>ΕΖ</em></strong></span> <span class='ocrx_word' id='word_1_95' title='bbox 533 1639 745 1729; x_wconf 79' lang='grc' dir='ltr'><strong><em>παράλληλος</em></strong></span> <span class='ocrx_word' id='word_1_96' title='bbox 768 1639 865 1728; x_wconf 77' lang='grc' dir='ltr'><strong><em>ἤχθω</em></strong></span> <span class='ocrx_word' id='word_1_97' title='bbox 887 1637 908 1727; x_wconf 84' lang='grc' dir='ltr'><em>ἡ</em></span> <span class='ocrx_word' id='word_1_98' title='bbox 933 1646 1018 1709; x_wconf 88' lang='grc' dir='ltr'><strong><em>ΓΗ·</em></strong></span> <span class='ocrx_word' id='word_1_99' title='bbox 1042 1665 1122 1728; x_wconf 82' lang='grc' dir='ltr'><strong><em>τιαρ-</em></strong></span> 
     </span>
     <span class='ocr_line' id='line_1_15' title="bbox 107 1744 1121 1837; baseline -0.004 -19"><span class='ocrx_word' id='word_1_100' title='bbox 107 1747 387 1837; x_wconf 85' lang='grc' dir='ltr'><strong><em>αλληλόγραμμον</em></strong></span> <span class='ocrx_word' id='word_1_101' title='bbox 424 1744 490 1834; x_wconf 75' lang='grc' dir='ltr'><strong><em>ἄρα</em></strong></span> <span class='ocrx_word' id='word_1_102' title='bbox 520 1747 589 1814; x_wconf 78' lang='grc' dir='ltr'><strong><em>ἐστὶ</em></strong></span> <span class='ocrx_word' id='word_1_103' title='bbox 616 1745 653 1814; x_wconf 85' lang='grc' dir='ltr'><strong><em>τὸ</em></strong></span> <span class='ocrx_word' id='word_1_104' title='bbox 682 1752 828 1817; x_wconf 83' lang='grc' dir='ltr'><strong><em>ΖΕΓΗ.</em></strong></span> <span class='ocrx_word' id='word_1_105' title='bbox 878 1747 935 1814; x_wconf 82' lang='grc' dir='ltr'><strong><em>καὶ</em></strong></span> <span class='ocrx_word' id='word_1_106' title='bbox 967 1747 1037 1817; x_wconf 79' lang='grc' dir='ltr'><strong><em>ἐπεὶ</em></strong></span> <span class='ocrx_word' id='word_1_107' title='bbox 1066 1756 1121 1834; x_wconf 90' lang='grc' dir='ltr'><strong><em>ἴση</em></strong></span> 
     </span>
    </p>

    <p class='ocr_par' dir='ltr' id='par_1_7' title="bbox 54 1851 1126 2365">
     <span class='ocr_line' id='line_1_16' title="bbox 54 1851 1122 1945; baseline -0.004 -21"><span class='ocrx_word' id='word_1_108' title='bbox 54 1866 87 1915; x_wconf 81' lang='lat'><strong><em>15</em></strong></span> <span class='ocrx_word' id='word_1_109' title='bbox 107 1856 198 1925; x_wconf 80' lang='grc' dir='ltr'><strong><em>ἐστὶν</em></strong></span> <span class='ocrx_word' id='word_1_110' title='bbox 221 1852 242 1941; x_wconf 83' lang='grc' dir='ltr'><em>ἡ</em></span> <span class='ocrx_word' id='word_1_111' title='bbox 267 1860 333 1920; x_wconf 92' lang='grc' dir='ltr'><strong><em>ΒΕ</em></strong></span> <span class='ocrx_word' id='word_1_112' title='bbox 348 1857 394 1945; x_wconf 68' lang='grc' dir='ltr'><strong><em>τη</em></strong></span> <span class='ocrx_word' id='word_1_113' title='bbox 407 1858 485 1938; x_wconf 88' lang='grc' dir='ltr'><strong><em>ΕΓ,</em></strong></span> <span class='ocrx_word' id='word_1_114' title='bbox 509 1860 584 1920; x_wconf 92' lang='grc' dir='ltr'><strong><em>ἴσον</em></strong></span> <span class='ocrx_word' id='word_1_115' title='bbox 608 1852 677 1921; x_wconf 79' lang='grc' dir='ltr'><strong><em>ἐστὶ</em></strong></span> <span class='ocrx_word' id='word_1_116' title='bbox 699 1853 755 1920; x_wconf 85' lang='grc' dir='ltr'><strong><em>ιιαλ</em></strong></span> <span class='ocrx_word' id='word_1_117' title='bbox 777 1851 816 1921; x_wconf 83' lang='grc' dir='ltr'><strong><em>τὸ</em></strong></span> <span class='ocrx_word' id='word_1_118' title='bbox 834 1859 939 1920; x_wconf 85' lang='grc' dir='ltr'><strong><em>ΑΒΕ</em></strong></span> <span class='ocrx_word' id='word_1_119' title='bbox 953 1858 1122 1941; x_wconf 89' lang='grc' dir='ltr'><strong><em>τρίγωνον</em></strong></span> 
     </span>
     <span class='ocr_line' id='line_1_17' title="bbox 106 1955 1121 2055; baseline -0.003 -25"><span class='ocrx_word' id='word_1_120' title='bbox 106 1966 152 2055; x_wconf 74' lang='grc' dir='ltr'><strong><em>τῷ</em></strong></span> <span class='ocrx_word' id='word_1_121' title='bbox 176 1967 280 2029; x_wconf 91' lang='grc' dir='ltr'><strong><em>ΑΕΓ</em></strong></span> <span class='ocrx_word' id='word_1_122' title='bbox 297 1955 462 2050; x_wconf 88' lang='grc' dir='ltr'><strong><em>τριγώνῳ·</em></strong></span> <span class='ocrx_word' id='word_1_123' title='bbox 487 1959 542 2026; x_wconf 80' lang='grc' dir='ltr'><strong><em>ἐτιί</em></strong></span> <span class='ocrx_word' id='word_1_124' title='bbox 562 1984 597 2026; x_wconf 88' lang='grc' dir='ltr'><strong><em>τε</em></strong></span> <span class='ocrx_word' id='word_1_125' title='bbox 620 1957 684 2048; x_wconf 81' lang='grc' dir='ltr'><strong><em>γὰρ</em></strong></span> <span class='ocrx_word' id='word_1_126' title='bbox 708 1967 792 2032; x_wconf 81' lang='grc' dir='ltr'><strong><em>ἴσων</em></strong></span> <span class='ocrx_word' id='word_1_127' title='bbox 814 1957 948 2045; x_wconf 81' lang='grc' dir='ltr'><strong><em>βάσεών</em></strong></span> <span class='ocrx_word' id='word_1_128' title='bbox 968 1964 1032 2028; x_wconf 87' lang='grc' dir='ltr'><strong><em>είσι</em></strong></span> <span class='ocrx_word' id='word_1_129' title='bbox 1050 1962 1121 2027; x_wconf 84' lang='grc' dir='ltr'><strong><em>τών</em></strong></span> 
     </span>
     <span class='ocr_line' id='line_1_18' title="bbox 106 2062 1121 2152; baseline -0.004 -18"><span class='ocrx_word' id='word_1_130' title='bbox 106 2074 181 2148; x_wconf 90' lang='grc' dir='ltr'><strong><em>ΒΕ,</em></strong></span> <span class='ocrx_word' id='word_1_131' title='bbox 204 2072 271 2134; x_wconf 91' lang='grc' dir='ltr'><strong><em>ΕΓ</em></strong></span> <span class='ocrx_word' id='word_1_132' title='bbox 297 2066 353 2133; x_wconf 83' lang='grc' dir='ltr'><strong><em>καῖ</em></strong></span> <span class='ocrx_word' id='word_1_133' title='bbox 386 2067 423 2133; x_wconf 78' lang='grc' dir='ltr'><strong><em>ἐν</em></strong></span> <span class='ocrx_word' id='word_1_134' title='bbox 454 2076 527 2143; x_wconf 82' lang='grc' dir='ltr'><strong><em>ταῖς</em></strong></span> <span class='ocrx_word' id='word_1_135' title='bbox 557 2062 672 2144; x_wconf 81' lang='grc' dir='ltr'><strong><em>αὐταῖς</em></strong></span> <span class='ocrx_word' id='word_1_136' title='bbox 695 2068 919 2152; x_wconf 73' lang='grc' dir='ltr'><strong><em>παραλλήλοις</em></strong></span> <span class='ocrx_word' id='word_1_137' title='bbox 946 2078 1018 2144; x_wconf 75' lang='grc' dir='ltr'><strong><em>ταῖς</em></strong></span> <span class='ocrx_word' id='word_1_138' title='bbox 1048 2070 1121 2150; x_wconf 87' lang='grc' dir='ltr'><strong><em>ΒΓ,</em></strong></span> 
     </span>
     <span class='ocr_line' id='line_1_19' title="bbox 107 2167 1126 2260; baseline -0.003 -21"><span class='ocrx_word' id='word_1_139' title='bbox 107 2179 194 2239; x_wconf 90' lang='grc' dir='ltr'><strong><em>ΑΗ·</em></strong></span> <span class='ocrx_word' id='word_1_140' title='bbox 219 2171 396 2239; x_wconf 76' lang='grc' dir='ltr'><strong><em>διπλάσιον</em></strong></span> <span class='ocrx_word' id='word_1_141' title='bbox 420 2169 485 2259; x_wconf 76' lang='grc' dir='ltr'><strong><em>ἄρα</em></strong></span> <span class='ocrx_word' id='word_1_142' title='bbox 509 2171 577 2238; x_wconf 80' lang='grc' dir='ltr'><strong><em>ἐστὶ</em></strong></span> <span class='ocrx_word' id='word_1_143' title='bbox 595 2167 633 2238; x_wconf 85' lang='grc' dir='ltr'><strong><em>τὸ</em></strong></span> <span class='ocrx_word' id='word_1_144' title='bbox 649 2176 927 2260; x_wconf 89' lang='grc' dir='ltr'><strong><em>ΑΒΓτρίγωνον</em></strong></span> <span class='ocrx_word' id='word_1_145' title='bbox 945 2180 1007 2239; x_wconf 86' lang='grc' dir='ltr'><strong><em>τοῦ</em></strong></span> <span class='ocrx_word' id='word_1_146' title='bbox 1020 2175 1126 2237; x_wconf 90' lang='grc' dir='ltr'><strong><em>ΑΕΓ</em></strong></span> 
     </span>
     <span class='ocr_line' id='line_1_20' title="bbox 106 2272 1121 2365; baseline -0.003 -20"><span class='ocrx_word' id='word_1_147' title='bbox 106 2277 283 2365; x_wconf 82' lang='grc' dir='ltr'><strong><em>τριγώνου.</em></strong></span> <span class='ocrx_word' id='word_1_148' title='bbox 321 2281 389 2344; x_wconf 79' lang='grc' dir='ltr'><strong><em>ἔστι</em></strong></span> <span class='ocrx_word' id='word_1_149' title='bbox 413 2275 451 2344; x_wconf 71' lang='grc' dir='ltr'><strong><em>δὲ</em></strong></span> <span class='ocrx_word' id='word_1_150' title='bbox 472 2275 528 2342; x_wconf 80' lang='grc' dir='ltr'><strong><em>καὶ</em></strong></span> <span class='ocrx_word' id='word_1_151' title='bbox 550 2272 588 2342; x_wconf 89' lang='grc' dir='ltr'><strong><em>τὸ</em></strong></span> <span class='ocrx_word' id='word_1_152' title='bbox 614 2281 752 2343; x_wconf 91' lang='grc' dir='ltr'><em>ΖΕΓΗ</em></span> <span class='ocrx_word' id='word_1_153' title='bbox 771 2275 1121 2365; x_wconf 83' lang='grc' dir='ltr'><strong><em>παραλληλόγραμμον</em></strong></span> 
     </span>
    </p>

    <p class='ocr_par' dir='ltr' id='par_1_8' title="bbox 53 2378 1122 2893">
     <span class='ocr_line' id='line_1_21' title="bbox 53 2378 1121 2471; baseline -0.006 -19"><span class='ocrx_word' id='word_1_154' title='bbox 53 2395 88 2443; x_wconf 77' lang='lat'><strong><em>20</em></strong></span> <span class='ocrx_word' id='word_1_155' title='bbox 108 2381 287 2452; x_wconf 77' lang='grc' dir='ltr'><strong><em>διπλάσιον</em></strong></span> <span class='ocrx_word' id='word_1_156' title='bbox 313 2384 374 2448; x_wconf 83' lang='grc' dir='ltr'><strong><em>τοῦ</em></strong></span> <span class='ocrx_word' id='word_1_157' title='bbox 402 2386 506 2449; x_wconf 91' lang='grc' dir='ltr'><strong><em>ΑΕΓ</em></strong></span> <span class='ocrx_word' id='word_1_158' title='bbox 528 2379 709 2467; x_wconf 85' lang='grc' dir='ltr'><strong><em>τριγώνου·</em></strong></span> <span class='ocrx_word' id='word_1_159' title='bbox 746 2381 847 2467; x_wconf 75' lang='grc' dir='ltr'><strong><em>βάσιν</em></strong></span> <span class='ocrx_word' id='word_1_160' title='bbox 874 2407 909 2449; x_wconf 87' lang='grc' dir='ltr'><strong><em>τε</em></strong></span> <span class='ocrx_word' id='word_1_161' title='bbox 935 2379 999 2469; x_wconf 84' lang='grc' dir='ltr'><strong><em>γὰρ</em></strong></span> <span class='ocrx_word' id='word_1_162' title='bbox 1027 2378 1121 2471; x_wconf 75' lang='grc' dir='ltr'><strong><em>αὐτῷ</em></strong></span> 
     </span>
     <span class='ocr_line' id='line_1_22' title="bbox 106 2482 1122 2580; baseline -0.003 -24"><span class='ocrx_word' id='word_1_163' title='bbox 106 2487 168 2576; x_wconf 79' lang='grc' dir='ltr'><strong><em>τὴν</em></strong></span> <span class='ocrx_word' id='word_1_164' title='bbox 192 2485 299 2575; x_wconf 80' lang='grc' dir='ltr'><strong><em>αὐτὴν</em></strong></span> <span class='ocrx_word' id='word_1_165' title='bbox 322 2487 467 2575; x_wconf 81' lang='grc' dir='ltr'><strong><em>ἔχεικαὶ</em></strong></span> <span class='ocrx_word' id='word_1_166' title='bbox 490 2489 526 2554; x_wconf 79' lang='grc' dir='ltr'><strong><em>ἐν</em></strong></span> <span class='ocrx_word' id='word_1_167' title='bbox 549 2499 621 2566; x_wconf 82' lang='grc' dir='ltr'><strong><em>ταῖς</em></strong></span> <span class='ocrx_word' id='word_1_168' title='bbox 640 2482 756 2567; x_wconf 82' lang='grc' dir='ltr'><strong><em>αὐταῖς</em></strong></span> <span class='ocrx_word' id='word_1_169' title='bbox 775 2489 865 2556; x_wconf 80' lang='grc' dir='ltr'><strong><em>ἐστιν</em></strong></span> <span class='ocrx_word' id='word_1_170' title='bbox 883 2485 973 2580; x_wconf 74' lang='grc' dir='ltr'><strong><em>αὐτῷ</em></strong></span> <span class='ocrx_word' id='word_1_171' title='bbox 996 2493 1122 2574; x_wconf 86' lang='grc' dir='ltr'><strong><em>παραλ-</em></strong></span> 
     </span>
     <span class='ocr_line' id='line_1_23' title="bbox 106 2588 1121 2682; baseline -0.002 -20"><span class='ocrx_word' id='word_1_172' title='bbox 106 2594 233 2680; x_wconf 81' lang='grc' dir='ltr'><strong><em>λήλοις·</em></strong></span> <span class='ocrx_word' id='word_1_173' title='bbox 267 2602 342 2660; x_wconf 90' lang='grc' dir='ltr'><strong><em>ἴσον</em></strong></span> <span class='ocrx_word' id='word_1_174' title='bbox 374 2589 439 2678; x_wconf 68' lang='grc' dir='ltr'><strong><em>ἄρα</em></strong></span> <span class='ocrx_word' id='word_1_175' title='bbox 462 2591 530 2659; x_wconf 76' lang='grc' dir='ltr'><strong><em>ἐστὶ</em></strong></span> <span class='ocrx_word' id='word_1_176' title='bbox 553 2588 591 2658; x_wconf 87' lang='grc' dir='ltr'><strong><em>τὸ</em></strong></span> <span class='ocrx_word' id='word_1_177' title='bbox 616 2598 755 2660; x_wconf 87' lang='grc' dir='ltr'><em>ΖΕΓΗ</em></span> <span class='ocrx_word' id='word_1_178' title='bbox 772 2591 1121 2682; x_wconf 85' lang='grc' dir='ltr'><strong><em>παραλληλόγραμμον</em></strong></span> 
     </span>
     <span class='ocr_line' id='line_1_24' title="bbox 105 2695 1121 2792; baseline -0.002 -25"><span class='ocrx_word' id='word_1_179' title='bbox 105 2704 151 2792; x_wconf 74' lang='grc' dir='ltr'><strong><em>τῷ</em></strong></span> <span class='ocrx_word' id='word_1_180' title='bbox 175 2705 278 2767; x_wconf 89' lang='grc' dir='ltr'><strong><em>ΑΒΓ</em></strong></span> <span class='ocrx_word' id='word_1_181' title='bbox 295 2696 457 2789; x_wconf 90' lang='grc' dir='ltr'><strong><em>τριγώνῳ.</em></strong></span> <span class='ocrx_word' id='word_1_182' title='bbox 490 2697 546 2764; x_wconf 80' lang='grc' dir='ltr'><strong><em>καὶ</em></strong></span> <span class='ocrx_word' id='word_1_183' title='bbox 578 2701 644 2784; x_wconf 81' lang='grc' dir='ltr'><strong><em>ἔχει</em></strong></span> <span class='ocrx_word' id='word_1_184' title='bbox 675 2699 737 2784; x_wconf 81' lang='grc' dir='ltr'><strong><em>τὴν</em></strong></span> <span class='ocrx_word' id='word_1_185' title='bbox 769 2695 835 2766; x_wconf 79' lang='grc' dir='ltr'><strong><em>ὑπὸ</em></strong></span> <span class='ocrx_word' id='word_1_186' title='bbox 864 2704 960 2765; x_wconf 89' lang='grc' dir='ltr'><strong><em>ΓΕΖ</em></strong></span> <span class='ocrx_word' id='word_1_187' title='bbox 991 2703 1121 2784; x_wconf 91' lang='grc' dir='ltr'><strong><em>γωνίαν</em></strong></span> 
     </span>
     <span class='ocr_line' id='line_1_25' title="bbox 111 2807 546 2893; baseline -0.007 -21"><span class='ocrx_word' id='word_1_188' title='bbox 111 2813 188 2891; x_wconf 93' lang='grc' dir='ltr'><strong><em>ἴσην</em></strong></span> <span class='ocrx_word' id='word_1_189' title='bbox 212 2808 251 2893; x_wconf 74' lang='grc' dir='ltr'><strong><em>τῇ</em></strong></span> <span class='ocrx_word' id='word_1_190' title='bbox 276 2809 416 2892; x_wconf 79' lang='grc' dir='ltr'><strong><em>θοθείση</em></strong></span> <span class='ocrx_word' id='word_1_191' title='bbox 440 2807 480 2891; x_wconf 77' lang='grc' dir='ltr'><strong><em>τῇ</em></strong></span> <span class='ocrx_word' id='word_1_192' title='bbox 505 2811 546 2870; x_wconf 91' lang='grc' dir='ltr'><strong><em>Δ.</em></strong></span> 
     </span>
    </p>

    <p class='ocr_par' dir='ltr' id='par_1_9' title="bbox 52 2905 1122 3002">
     <span class='ocr_line' id='line_1_26' title="bbox 52 2905 1122 3002; baseline 0.005 -29"><span class='ocrx_word' id='word_1_193' title='bbox 52 2923 88 2973; x_wconf 72' lang='lat'><strong><em>25</em></strong></span> <span class='ocrx_word' id='word_1_194' title='bbox 178 2913 231 3002; x_wconf 77' lang='grc' dir='ltr'><strong><em>Τῷ</em></strong></span> <span class='ocrx_word' id='word_1_195' title='bbox 263 2905 328 2998; x_wconf 79' lang='grc' dir='ltr'><strong><em>ἄρα</em></strong></span> <span class='ocrx_word' id='word_1_196' title='bbox 356 2910 494 2977; x_wconf 76' lang='grc' dir='ltr'><strong><em>δοθέντι</em></strong></span> <span class='ocrx_word' id='word_1_197' title='bbox 521 2909 673 3001; x_wconf 88' lang='grc' dir='ltr'><strong><em>τριγώνῳ</em></strong></span> <span class='ocrx_word' id='word_1_198' title='bbox 700 2914 746 2999; x_wconf 76' lang='grc' dir='ltr'><strong><em>τῳ</em></strong></span> <span class='ocrx_word' id='word_1_199' title='bbox 771 2916 873 2978; x_wconf 89' lang='grc' dir='ltr'><strong><em>ΑΒΓ</em></strong></span> <span class='ocrx_word' id='word_1_200' title='bbox 899 2920 973 2990; x_wconf 88' lang='grc' dir='ltr'><strong><em>ἴσον</em></strong></span> <span class='ocrx_word' id='word_1_201' title='bbox 996 2918 1122 2999; x_wconf 83' lang='grc' dir='ltr'><strong><em>παραλ-</em></strong></span> 
     </span>
    </p>
   </div>
   <div class='ocr_carea' id='block_1_3' title="bbox 106 3103 1120 3249">
    <p class='ocr_par' dir='ltr' id='par_1_10' title="bbox 106 3103 1120 3249">
     <span class='ocr_line' id='line_1_27' title="bbox 178 3103 1120 3174; baseline 0.001 -15"><span class='ocrx_word' id='word_1_202' title='bbox 178 3105 261 3160; x_wconf 82' lang='lat' dir='ltr'>XLII.</span> <span class='ocrx_word' id='word_1_203' title='bbox 281 3105 394 3161; x_wconf 72' lang='lat' dir='ltr'><strong>Boetius</strong></span> <span class='ocrx_word' id='word_1_204' title='bbox 412 3123 439 3174; x_wconf 88' lang='lat' dir='ltr'><strong><em>p.</em></strong></span> <span class='ocrx_word' id='word_1_205' title='bbox 455 3110 569 3172; x_wconf 85' lang='grc'><strong>384,13.</strong></span> <span class='ocrx_word' id='word_1_206' title='bbox 603 3103 686 3174; x_wconf 80' lang='lat' dir='ltr'><strong>Apud</strong></span> <span class='ocrx_word' id='word_1_207' title='bbox 704 3105 836 3159; x_wconf 85' lang='lat' dir='ltr'><strong>Proelum</strong></span> <span class='ocrx_word' id='word_1_208' title='bbox 854 3105 959 3159; x_wconf 81' lang='lat' dir='ltr'><strong>excidit</strong></span> <span class='ocrx_word' id='word_1_209' title='bbox 977 3105 1006 3158; x_wconf 87' lang='lat' dir='ltr'><strong><em>&#39;m</em></strong></span> <span class='ocrx_word' id='word_1_210' title='bbox 1025 3105 1120 3172; x_wconf 82' lang='lat' dir='ltr'><strong>codd.;</strong></span> 
     </span>
     <span class='ocr_line' id='line_1_28' title="bbox 106 3174 743 3249; baseline -0.002 -19"><span class='ocrx_word' id='word_1_211' title='bbox 106 3176 220 3233; x_wconf 73' lang='lat' dir='ltr'>Boetius</span> <span class='ocrx_word' id='word_1_212' title='bbox 238 3193 318 3249; x_wconf 58' lang='lat' dir='ltr'>prop</span> <span class='ocrx_word' id='word_1_213' title='bbox 336 3174 546 3232; x_wconf 85' lang='lat' dir='ltr'>XLII-XLIII</span> <span class='ocrx_word' id='word_1_214' title='bbox 564 3175 743 3244; x_wconf 76' lang='lat' dir='ltr'><strong>permutauit.</strong></span> 
     </span>
    </p>
   </div>
   <div class='ocr_carea' id='block_1_4' title="bbox 88 3348 1124 3566">
    <p class='ocr_par' dir='ltr' id='par_1_11' title="bbox 88 3348 1124 3566">
     <span class='ocr_line' id='line_1_29' title="bbox 179 3348 1122 3425; baseline -0.001 -17"><span class='ocrx_word' id='word_1_215' title='bbox 179 3359 204 3408; x_wconf 84' lang='grc'><strong><em>3.</em></strong></span> <span class='ocrx_word' id='word_1_216' title='bbox 224 3350 432 3425; x_wconf 76' lang='grc' dir='ltr'><strong><em>συστήσασθαι]</em></strong></span> <span class='ocrx_word' id='word_1_217' title='bbox 452 3369 619 3422; x_wconf 82' lang='grc' dir='ltr'><strong><em>συστησιται</em></strong></span> <span class='ocrx_word' id='word_1_218' title='bbox 637 3373 659 3422; x_wconf 83' lang='grc' dir='ltr'><strong><em>ῳ</em></strong></span> <span class='ocrx_word' id='word_1_219' title='bbox 679 3352 710 3423; x_wconf 76' lang='grc' dir='ltr'><strong><em>(Γ</em></strong></span> <span class='ocrx_word' id='word_1_220' title='bbox 730 3350 944 3421; x_wconf 74' lang='grc' dir='ltr'><strong><em>συστήσασθαι).</em></strong></span> <span class='ocrx_word' id='word_1_221' title='bbox 1023 3348 1066 3423; x_wconf 75' lang='grc' dir='ltr'><strong><em>ἐν]</em></strong></span> <span class='ocrx_word' id='word_1_222' title='bbox 1088 3348 1122 3407; x_wconf 74' lang='grc' dir='ltr'><strong><em>ἐν</em></strong></span> 
     </span>
     <span class='ocr_line' id='line_1_30' title="bbox 103 3418 1124 3494; baseline -0.002 -15"><span class='ocrx_word' id='word_1_223' title='bbox 103 3425 216 3494; x_wconf 58' lang='grc' dir='ltr'><strong><em>γωνίᾳ).</em></strong></span> <span class='ocrx_word' id='word_1_224' title='bbox 237 3418 257 3492; x_wconf 72' lang='grc' dir='ltr'><strong><em>ἦ</em></strong></span> <span class='ocrx_word' id='word_1_225' title='bbox 280 3420 359 3483; x_wconf 72' lang='grc' dir='ltr'><strong><em>ἐστιν.</em></strong></span> <span class='ocrx_word' id='word_1_226' title='bbox 382 3427 428 3493; x_wconf 84' lang='grc' dir='ltr'><strong><em>ἴση</em></strong></span> <span class='ocrx_word' id='word_1_227' title='bbox 451 3441 485 3478; x_wconf 84' lang='lat' dir='ltr'><strong><em>ex</em></strong></span> <span class='ocrx_word' id='word_1_228' title='bbox 502 3424 602 3479; x_wconf 83' lang='lat' dir='ltr'>Proolo</span> <span class='ocrx_word' id='word_1_229' title='bbox 624 3423 654 3479; x_wconf 88' lang='lat' dir='ltr'><strong><em>in</em></strong></span> <span class='ocrx_word' id='word_1_230' title='bbox 677 3439 756 3494; x_wconf 85' lang='lat' dir='ltr'>prop.</span> <span class='ocrx_word' id='word_1_231' title='bbox 775 3424 861 3478; x_wconf 79' lang='lat' dir='ltr'>XLIV</span> <span class='ocrx_word' id='word_1_232' title='bbox 882 3423 990 3492; x_wconf 75' lang='lat' dir='ltr'>recepit</span> <span class='ocrx_word' id='word_1_233' title='bbox 1007 3423 1124 3492; x_wconf 77' lang='lat' dir='ltr'>August</span> 
     </span>
     <span class='ocr_line' id='line_1_31' title="bbox 88 3492 1123 3566; baseline 0.011 -28"><span class='ocrx_word' id='word_1_234' title='bbox 88 3492 235 3544; x_wconf 73' lang='lat' dir='ltr'><strong><em>suadente</em></strong></span> <span class='ocrx_word' id='word_1_235' title='bbox 254 3492 409 3563; x_wconf 73' lang='lat' dir='ltr'><strong><em>Otegon&#39;o3</em></strong></span> <span class='ocrx_word' id='word_1_236' title='bbox 439 3493 489 3550; x_wconf 79' lang='lat' dir='ltr'><strong><em>cfr.</em></strong></span> <span class='ocrx_word' id='word_1_237' title='bbox 510 3494 678 3566; x_wconf 73' lang='lat' dir='ltr'>Campanus.</span> <span class='ocrx_word' id='word_1_238' title='bbox 778 3500 802 3548; x_wconf 68' lang='grc' dir='ltr'><strong><em>λ.</em></strong></span> <span class='ocrx_word' id='word_1_239' title='bbox 820 3495 871 3566; x_wconf 66' lang='grc' dir='ltr'><strong><em>ιη’]</em></strong></span> <span class='ocrx_word' id='word_1_240' title='bbox 887 3495 909 3547; x_wconf 92' lang='grc' dir='ltr'><strong><em>Ρ</em></strong></span> <span class='ocrx_word' id='word_1_241' title='bbox 923 3510 960 3548; x_wconf 89' lang='lat' dir='ltr'><strong><em>m.</em></strong></span> <span class='ocrx_word' id='word_1_242' title='bbox 973 3500 997 3564; x_wconf 78' lang='lat'><strong><em>1,</em></strong></span> <span class='ocrx_word' id='word_1_243' title='bbox 1015 3493 1074 3562; x_wconf 76' lang='lat' dir='ltr'><strong><em>Pb,</em></strong></span> <span class='ocrx_word' id='word_1_244' title='bbox 1095 3493 1123 3549; x_wconf 91' lang='lat' dir='ltr'><strong>V</strong></span> 
     </span>
    </p>
   </div>
   <div class='ocr_carea' id='block_1_5' title="bbox 0 0 1182 3818">
    <p class='ocr_par' dir='ltr' id='par_1_12' title="bbox 0 0 1182 3818">
     <span class='ocr_line' id='line_1_32' title="bbox 0 0 1182 3818; baseline 0 0"><span class='ocrx_word' id='word_1_245' title='bbox 0 0 1182 3818; x_wconf 95' lang='lat' dir='ltr'><strong><em> </em></strong></span> 
     </span>
    </p>
   </div>
  </div>
 </body>
</html>
