2356 3818
369 171 648 221 ELEMENTORUM
666 171 775 221 LIBER
792 172 813 224 1.
1057 169 1099 232 63

534 311 652 379 XXVI.

152 418 187 484 Si
210 420 274 486 duo
297 420 454 505 trianguli
477 419 558 485 duos
583 418 722 504 angulos
746 418 871 482 duobus
896 419 1025 503 angulis
1047 441 1098 484 ae·

84 526 196 610 quales
219 526 341 591 habent
364 526 502 590 alterum
525 526 620 592 alteri
644 529 677 589 et
700 546 800 589 unum
820 524 907 588 latus
926 526 982 588 uni
1000 525 1098 589 lateri

84 633 231 717 aequale,
261 633 329 697 siue
360 631 445 716 quod
474 631 515 695 ad
539 633 676 715 angulos
700 631 851 716 aequales
874 630 1016 714 positum
1040 635 1098 716 est,

84 739 153 803 siue
176 739 262 823 quod
286 739 346 803 sub
370 737 473 803 altero
499 737 692 821 angulorum
716 737 902 822 aequalium
922 736 1097 821 subtendit‚

83 843 182 908 etiam
210 846 335 929 reliqua
362 844 468 909 latera
491 843 623 927 reliquis
646 844 803 908 lateribus
827 843 976 927 aequalia
999 843 1097 907 habe·

85 951 168 1015 bunt
186 951 330 1016 alterum
355 951 450 1016 alteri
475 954 508 1015 et
530 950 691 1034 reliquum
715 950 869 1034 angulum
894 949 1019 1034 reliquo
1043 972 1099 1014 an·

84 1057 170 1142 gulo.
1037 1122 1040 1126 .

150 1160 223 1227 Sint
246 1163 309 1228 duo
328 1163 484 1249 trianguli
499 1166 611 1246 ΑΒΓ,
628 1167 727 1226 ΑΕΖ
742 1163 823 1226 duos
838 1161 975 1246 angulos
991 1164 1097 1240 ΑΒΓ,

84 1273 176 1334 ΒΓΑ
199 1270 323 1335 dnobus
343 1273 458 1351 ΔΒΖ,
481 1273 584 1333 ΕΖΔ
602 1269 752 1352 aequales
775 1269 934 1333 habentes
958 1268 1096 1332 alterum

82 1375 184 1460 alteri,
198 1382 221 1452 l„
234 1378 390 1441 ABP=
407 1379 508 1439 ΑΕΖ
523 1378 555 1438 et
569 1382 590 1450 L
605 1378 705 1439 ΒΓΑ
720 1405 761 1428 =
778 1378 887 1457 ΕΖΔ,
907 1377 939 1438 et
953 1375 1098 1439 habeant

72 1465 79 1475 ’
352 1516 388 1574 Δ
564 1482 663 1544 etiam
690 1503 791 1545 unum
813 1481 899 1544 latus
922 1479 979 1543 uni
1002 1480 1097 1544 lateri

565 1586 712 1671 aequale,
743 1586 833 1671 prius
867 1585 953 1670 quod
977 1585 1017 1648 ad
1041 1607 1098 1648 an-

563 1692 658 1776 gulos
687 1692 836 1776 aequales
870 1691 1013 1775 positum
1039 1695 1097 1774 est,

562 1800 628 1862 ΒΓ
639 1829 681 1851 =
696 1802 727 1861 E
732 1802 768 1863 Z.
795 1797 876 1880 dieo,
900 1796 999 1861 etiam
1022 1797 1097 1859 reli-

499 1885 524 1940 Ζ
562 1926 626 1988 qua
648 1904 753 1968 latera
779 1903 912 1987 reliquis
940 1902 1096 1967 lateribus

563 2011 713 2095 aequalia
742 2032 796 2075 eos
823 2009 993 2073 habituros
1027 2030 1097 2073 esse

80 2111 217 2176 alterum
241 2113 346 2196 alteri,
364 2119 429 2179 AB
445 2146 487 2168 =
504 2120 573 2179 ΛΕ
595 2120 627 2181 et
641 2118 710 2181 ΑΓ
720 2147 761 2170 ==
778 2120 811 2178 Α
817 2119 858 2198 Ζ,
882 2118 915 2178 et
937 2115 1096 2199 reliquum

81 2219 237 2304 angulum
259 2219 385 2303 reliquo
410 2222 541 2306 angulo,
564 2229 585 2298 l,
600 2225 703 2287 ΒΑΓ
714 2254 755 2276 =
771 2227 839 2287 ΕΔ
846 2226 881 2285 Ζ.

145 2346 222 2388 nam
251 2325 280 2390 si
294 2329 358 2390 AB
387 2326 482 2391 lateri
511 2332 581 2391 ΑΒ
606 2329 776 2414 inaequale
805 2332 871 2411 est,
904 2329 1096 2392 alterutrum

80 2451 191 2496 eorum
222 2431 327 2496 maius
351 2437 408 2497 est.
458 2434 502 2498 sit
526 2435 631 2500 maius
655 2439 728 2519 AB,
752 2438 784 2500 et
805 2438 946 2519 ponatur
969 2436 1044 2497 BH
1054 2464 1096 2486 =

81 2541 158 2621 Aa,
182 2541 215 2602 et
238 2537 374 2602 dueatur
396 2542 472 2604 ΗΓ.
571 2594 572 2598 ,

145 2644 211 2707 iam
235 2645 389 2728 quoniam
403 2649 478 2710 ΒΗ
488 2677 530 2698 --
546 2650 616 2710 ΑΒ
638 2652 671 2712 et
689 2650 756 2711 ΒΓ
766 2676 808 2699 =
823 2650 899 2729 EZ,
923 2646 1004 2709 duae
1027 2667 1094 2709 ree·

78 2752 132 2813 tae
161 2753 239 2832 BH,
267 2753 335 2814 ΒΓ
359 2750 484 2816 duabus
512 2756 593 2835 ΔΕ,
622 2756 685 2816 ΒΖ
715 2753 865 2837 aequales
894 2755 970 2816 sunt
993 2752 1096 2816 altera

80 2853 190 2936 alteri3
227 2861 259 2920 et
295 2862 316 2932 L
340 2859 448 2923 ΗΒΓ
459 2887 500 2910 --
517 2863 625 2923 ΔΕΖ.
674 2859 784 2945 itaque
825 2860 896 2922 ΗΓ
907 2888 948 2910 =
965 2861 1031 2920 ΑΖ
1064 2860 1097 2922 et

80 2956 116 3026 Δ
126 2962 385 3046 ΗΒΓ-τΔΒΖ,
401 2966 433 3027 et
441 2963 559 3049 reliqui
571 2965 682 3048 anguli
691 2964 822 3049 reliquis
831 2964 981 3047 aequales
992 2967 1101 3046 erunt,-

77 3095 206 3165 Proelus,
225 3099 340 3154 Boetius
361 3102 428 3170 (non
447 3101 682 3170 Olympiodoms).
757 3107 781 3155 9.
803 3099 927 3155 ἔστωσαν
945 3101 979 3154 V.
1053 3107 1094 3154 11.

78 3169 124 3240 τῇ]
143 3186 213 3224 eurr.
232 3187 267 3224 ex
284 3166 336 3239 τὴν
354 3189 390 3224 m.
401 3187 454 3225 rec.
465 3173 496 3240 Ρ,
515 3173 548 3226 nt
560 3172 609 3226 lin.
621 3178 663 3226 12.
738 3177 780 3225 12.
800 3167 868 3242 ὑπό]
889 3172 960 3240 (alt.)
980 3189 1016 3224 m.
1033 3178 1048 3225 2
1067 3172 1094 3226 b.

115 3246 157 3296 13.
176 3241 296 3312 πλευρᾷ]
317 3259 402 3311 supra
419 3260 456 3298 m.
474 3249 487 3295 1
507 3261 535 3312 p.
623 3248 663 3297 15.
682 3247 746 3303 ταῖς
763 3246 874 3302 λοιπαῖς
893 3245 1027 3308 πλευραῖς
1045 3239 1095 3303 τὰς

77 3307 178 3372 λοιπὰς
195 3309 319 3378 πλευράς
337 3313 366 3366 F.
431 3318 474 3368 20.
496 3309 583 3386 ἐστίν]
604 3311 682 3369 ἔσται
700 3313 735 3367 V.
799 3318 841 3366 21.
862 3311 1019 3438 ΒΗΞσΡΒς
1039 3314 1095 3364 ΗΒ

76 3380 185 3451 Fpr.
277 3381 345 3438 Post
364 3379 529 3453 ἐπεζεύχθω
548 3401 599 3439 ras.
621 3391 638 3438 4
657 3384 713 3438 litt.
732 3402 759 3453 p.
851 3389 893 3436 26.
957 3382 1101 3450 atawah„

76 3448 317 3588 3213&ququ
321 3454 417 3599 buqlgo.
491 3462 534 3512 26.
556 3453 650 3529 &nalal
665 3455 732 3522 ΡΒ,
750 3449 812 3510 isal
827 3453 936 3521 uulgus.
1004 3447 1130 3506 ῊὮΧ
