2356 3818
478 106 594 194 Ὅροι.

99 231 143 302 α’.
179 231 331 317 Σημεῖόν
354 233 456 315 ἐστιν,
480 221 522 297 οὐ
545 231 644 316 μέρος
668 227 783 297 οὐθέν.

98 337 144 423 β’.
179 336 320 423 Γραμμὴ
345 336 382 404 δὲ
405 341 510 423 μῆκος
533 334 683 414 ἀπλατές.

98 442 141 529 γ’.
178 446 338 529 Γραμμῆς
362 442 399 510 δὲ
421 443 546 529 πέρατα
569 455 697 528 σημεῖα.

100 549 142 616 δ’.
179 547 311 616 Εὐθεῖα
337 548 471 636 γραμμή
500 549 601 634 ἐστιν,
633 546 705 635 ἥτις
733 551 766 630 ἐξ
794 558 871 617 ἴσον
893 562 963 629 τοῖς
986 547 1040 636 ἐφ’

3 693 8 713 1
32 655 151 742 έαντῆς
175 660 323 740 σημείοις
345 668 458 722 κεῖται.

99 761 139 831 ε’.
172 758 369 847 Ἐπιφάνεια
397 762 437 828 δέ
458 762 559 847 ἐστιν,
587 757 607 829 δ
635 765 739 848 μῆκος
760 762 816 829 καὶ
839 760 962 841 πλοίτος
984 761 1043 846 μό-

31 892 95 936 νον
117 871 193 954 ἔχει.

99 972 141 1045 ς’.
174 972 390 1059 Ἐπιφανείας
412 972 450 1041 δὲ
471 974 596 1059 πέρατα
619 979 776 1060 γραμμαί.

100 1079 137 1162 ζ’.
171 1077 343 1158 Ἐπίπεδος
370 1078 546 1165 ἐπιφάνειά
576 1081 678 1163 ἐστιν,
705 1076 777 1165 ἥτις
805 1081 838 1159 ἐξ
867 1087 944 1147 ἴσον
970 1093 1042 1160 ταῖς

3 1208 9 1244 ⁸
34 1184 87 1273 ἐφ’
113 1187 233 1272 ἑαυτῆς
256 1183 405 1264 εὐθείαις
427 1199 539 1261 κεῖται.

98 1292 142 1379 γ’.
177 1289 350 1369 Ἐπίπεδος
378 1290 415 1358 δέ
441 1297 548 1376 γωνία
576 1292 668 1360 ἐστὶν
697 1290 718 1378 ἡ
747 1295 785 1360 έν
813 1293 955 1384 ἐπιπέδῳ
980 1292 1043 1359 δύο

32 1401 195 1485 γραμμῶν
219 1394 414 1482 ἁπτομένων
437 1395 592 1485 ἀλλήλων
615 1399 671 1465 καὶ
694 1397 739 1484 μὴ
759 1395 809 1466 ἐπ’
826 1396 961 1475 εὐθείας
978 1423 1044 1463 ιιει-

33 1505 144 1591 μένων
165 1501 249 1589 πρὸς
272 1500 418 1588 ἀλλήλας
440 1506 508 1571 τῶν
529 1514 692 1589 γραμμῶν
715 1508 831 1580 κλίσις.

100 1609 148 1677 θ’.
177 1607 277 1675 Ὅταν
306 1608 343 1676 δὲ
367 1610 404 1675 αί
424 1609 636 1696 περιέχουσαι
659 1606 720 1694 τὴν
743 1611 872 1692 γωνίαν
894 1607 1043 1693 γραμμαὶ

0 1739 9 1768 ’·
34 1713 165 1792 εὐθεῖαι
189 1706 283 1799 ὦσιν,
307 1713 545 1802 εὐθύγραμμος
566 1720 714 1780 καλεῖται
737 1709 758 1798 ἡ
781 1717 896 1796 γωνία.

102 1819 137 1888 ι’.
165 1818 266 1887 Ὅταν
290 1819 328 1887 δὲ
351 1818 468 1886 εὐθεῖα
492 1820 542 1885 ἐπ’
559 1815 698 1884 εὐθεῖαν
722 1825 884 1884 σταθεῖσα
906 1817 965 1897 τὰς
988 1817 1043 1903 ἐφ·

33 2050 83 2105 uir.
105 2048 276 2118 Philoponus
298 2048 329 2103 iu
351 2049 432 2117 phys.
455 2047 504 2102 fol.
523 2053 559 2102 6¹.
601 2046 756 2101 Martianus
779 2046 896 2117 Capella
913 1995 1041 2115 VI?7⁰8.
1158 2082 1163 2091 ·

32 2121 263 2245 Βοοιῑοιθρειι,
275 2126 298 2173 1.
371 2124 395 2172 2.
416 2119 515 2172 Sextus
533 2117 614 2186 Bmp.
633 2134 660 2185 p.
672 2124 782 2187 soom.
800 2124 911 2189 47⁰,24.
933 2123 1041 2186 70438.

32 2192 149 2247 Herod
204 2197 229 2246 3.
265 2188 437 2258 Philoponus
459 2188 489 2241 in
512 2188 591 2257 phys.
615 2188 663 2244 fol.
679 2195 714 2245 6¹.
751 2190 917 2246 Ammonius
939 2189 970 2243 iu
988 2191 1041 2245 out.

33 2279 60 2331 p.
77 2268 120 2317 66.
147 2260 303 2314 Martianus
318 2258 432 2329 Capella
440 2257 488 2327 VI,
498 2263 558 2313 708.
586 2258 701 2314 Boetius
719 2280 747 2330 p.
757 2267 818 2328 374,
830 2267 855 2317 2.
917 2267 954 2316 ἢ3.
972 2258 1043 2314 Boe·

32 2330 89 2386 tius
128 2337 244 2399 .e‘14,3.
330 2336 355 2385 4.
373 2328 448 2384 Hero
466 2329 520 2384 def.
537 2336 561 2384 5.
594 2329 962 2401 SextusEmp.p.716‚28.
984 2336 1044 2399 717,

34 2408 77 2458 10.
103 2350 276 2469 Bhiloponus
295 2401 324 2453 in
343 2401 415 2455 anal.
434 2400 461 2453 ΙΙ
477 2400 526 2455 fol.
542 2408 582 2471 4',
601 2401 649 2457 fol.
665 2408 707 2457 15.
735 2401 843 2458 Psellus
861 2422 888 2473 p.
903 2408 947 2456 34.
974 2401 1044 2456 Boe-

33 2471 91 2526 tius
108 2490 136 2541 p.
151 2476 247 2540 etue.
321 2476 345 2526 b.
364 2470 439 2526 Hero
458 2472 511 2527 def.
527 2479 552 2529 9.
584 2473 700 2529 Boetius
718 2492 745 2543 p.
760 2479 822 2539 874,
833 2481 857 2528 6.
930 2479 955 2526 6.
973 2470 1043 2525 Boe-

32 2542 90 2597 tius
107 2558 135 2611 p.
154 2547 215 2611 374,
228 2549 252 2598 7.
345 2548 368 2598 7.
387 2543 461 2599 Hero
481 2544 535 2598 def.
552 2551 593 2599 11.
629 2544 739 2599 Psellus
757 2562 785 2613 p.
801 2549 844 2598 35.
880 2541 996 2595 Boetius
1014 2556 1042 2609 p.

34 2618 96 2679 8⁵14,
107 2618 131 2668 7.
239 2620 264 2668 8.
281 2606 357 2669 Hero
376 2614 431 2670 def.
447 2622 488 2670 16.
524 2615 633 2669 Psellus
651 2633 678 2684 p.
693 2619 736 2669 35.
774 2612 822 2667 cfr.
842 2611 943 2667 Sextus
961 2610 1042 2680 Emp.

33 2701 60 2753 p.
77 2686 189 2753 718,12.
227 2685 341 2741 Boetius
359 2705 386 2755 p.
400 2692 514 2755 374,10.
546 2686 701 2740 Martianus
719 2683 835 2753 capelle
852 2681 901 2751 VI,
912 2686 972 2738 710.
