2356 3818
101 143 164 208 122
470 145 678 215 nomn
697 143 737 216 ρ’.

94 312 198 373 μενον
230 284 444 374 ὀρθογώνιον
480 285 561 373 μετά
584 292 647 356 τοῦ
674 285 740 356 ὑπὸ
765 294 846 374 ΒΑ,
873 292 942 354 ΑΓ
965 308 1113 374 περιεχο-

94 392 199 480 μένου
227 390 443 481 ὀρθογωνίου
472 401 550 463 ἴσον
577 393 646 462 ἐστὶ
669 398 715 487 τῷ
738 391 805 462 άιιό
828 398 887 480 τῆς
913 400 978 461 ΑΒ
1001 418 1113 482 τετρα-

95 498 203 589 νάνν·
703 515 707 521 ’

161 605 428 696 Ἀναγεγράφθω
455 603 520 696 γάρ
547 604 612 676 άτό
640 611 699 694 τῆς
729 615 794 675 ΑΒ
829 605 1041 695 τετράγωνον
1073 607 1112 675 τὸ

61 719 248 798 οΑΛΕΒ,
272 711 328 780 καὶ
351 711 447 801 ἤχθω
472 711 529 781 διὰ
551 718 613 782 τοῦ
635 720 668 781 Γ
686 709 830 804 ὁποτέρᾳ
851 716 920 781 τῶν
942 720 1024 800 ΑΛ,
1048 720 1115 780 ΒΕ

101 818 312 908 παράλληλος
334 817 355 907 ἡ
379 825 450 887 ΓΖ.

152 922 247 992 Ἴσον
272 924 314 1012 δή
334 928 402 994 ἐστι
421 923 459 993 τὸ
473 933 543 993 ΑΕ
558 939 628 1006 τοῖς
641 933 717 1013 ΑΖ,
736 932 807 995 ΓΕ.
829 932 888 992 καί
904 925 1029 994 ἔστιτὸ
1049 927 1111 1012 μὲν

94 1039 164 1099 ΑΕ
189 1029 226 1100 τὸ
251 1029 317 1100 άπὸ
340 1035 398 1118 τῆς
426 1038 491 1099 ΑΒ
514 1032 741 1120 τετράγωνον,
768 1030 805 1100 τὸ
831 1031 868 1099 δὲ
895 1030 1109 1110 ΑΖτὸ...ὑιιὸ

93 1141 163 1205 τών
185 1144 266 1222 ΒΑ,
298 1143 367 1205 ΑΓ
389 1135 628 1225 περιεχόμενον
662 1134 891 1226 ὀρθογώνιον·
928 1138 1111 1226 περιέχεται

45 1256 78 1305 10
96 1243 158 1330 μὲν
181 1242 246 1330 γὰρ
269 1241 335 1311 ὑπὸ
359 1247 429 1310 τών
452 1250 622 1330 ΔΑ,ΑΓ,
646 1251 701 1330 ἴση
726 1243 764 1312 δὲ
786 1242 893 1331 ἡΑΛ
915 1248 1048 1333 τῇΑΒ·
1071 1243 1109 1312 τὸ

96 1349 134 1417 δὲ
156 1355 221 1416 ΓΕ
242 1348 279 1417 τὸ
303 1346 369 1418 ὑπὸ
393 1352 462 1417 τών
485 1357 562 1436 ΑΒ,
581 1357 658 1418 ΒΓ·
683 1359 738 1438 ἴση
761 1348 826 1438 γάρ
850 1348 957 1437 ἡΒΕ
976 1354 1017 1439 τῇ
1035 1358 1110 1418 ΑΒ.

95 1455 132 1524 τὸ
157 1455 223 1544 άρα
245 1452 312 1524 ὑπὸ
336 1460 404 1524 τών
422 1464 499 1542 BA,
517 1463 586 1525 ΑΓ
595 1456 676 1543 μετά
700 1460 762 1525 τοῦ
779 1454 846 1525 ὑπὸ
864 1462 933 1526 τών
951 1464 1028 1544 ΑΒ,
1047 1463 1115 1524 ΒΓ

96 1571 172 1630 ἴσον
196 1562 265 1630 ἐστὶ
287 1564 334 1654 τῳ
358 1559 423 1630 άτό
447 1567 508 1648 τῆς
529 1570 596 1630 AB
619 1561 826 1654 τετραγώνῳ.
1071 1579 1074 1583 ’

155 1666 236 1736 Ἐάν
254 1666 320 1757 άρα
339 1666 458 1736 εόθεϊα
476 1667 609 1756 γραμμὴ
629 1673 753 1757 τμηθῇ,
777 1666 822 1748 ώς
840 1673 966 1756 ἔτυχεν,
987 1668 1025 1737 τὸ
1042 1666 1109 1736 ὑπὸ

44 1784 77 1835 15
95 1779 154 1863 τῆς
180 1773 260 1861 ὅλης
286 1775 341 1843 καὶ
376 1775 534 1860 ἑκατέρου
559 1779 628 1842 τῶν
660 1774 839 1862 τμημάτων
870 1774 1110 1862 περιεχόμενον

96 1880 313 1972 ὀρθογώνιον
341 1890 417 1950 ἴσον
446 1882 516 1950 ἐστὶ
542 1885 588 1972 τῳ
617 1879 684 1950 άτιό
714 1885 774 1968 τῆς
797 1879 878 1967 ὅλης
899 1879 1109 1970 τετραγώνῳ·

96 1987 176 2078 ὅπερ
201 1993 268 2058 ἔδει
292 1990 405 2069 δεῖξαι.

580 2138 623 2198 γ.

159 2234 246 2303 Ἐάν
279 2233 417 2303 εὐθεῖα
448 2234 605 2324 γραμμὴ
633 2238 778 2324 τμηθῇ,
810 2233 860 2316 ὡς
887 2238 1039 2320 ἔτυχεν,
1068 2236 1110 2302 τό

43 2340 170 2410 2οὑπό
209 2345 276 2429 τῆς
312 2339 405 2427 ὅλης
436 2341 500 2408 καὶ
533 2339 623 2420 ἑνὸς
653 2345 731 2408 τών
762 2338 972 2427 τμημάτων
1004 2362 1112 2428 περι·

96 2447 287 2535 εχόμενον
329 2443 584 2535 ὀρθογώνιον
626 2454 716 2514 ἴσον
753 2447 835 2515 ἐστὶ
871 2449 921 2538 τῷ
957 2471 997 2514 τε
1033 2443 1109 2513 ὑπὸ

94 2556 172 2622 τών
194 2551 404 2640 τμημάτων
427 2552 694 2646 περιεχομένῳ
719 2552 954 2643 ὀρθογωνίῳ
973 2551 1038 2619 καὶ
1059 2555 1110 2644 τῷ

96 2658 172 2728 άπὸ
196 2663 266 2727 τοῦ
289 2659 582 2746 προειρημένον
603 2658 801 2747 τμήματος
823 2656 1063 2748 τετραγώνῳ.

163 2764 293 2838 Εὐθεῖα
316 2763 381 2854 γάρ
404 2762 425 2852 ἡ
448 2772 514 2834 ΑΒ
537 2764 724 2853 τετμήσθω,
748 2764 794 2844 ώς
817 2770 943 2852 ἔτυχεν,
966 2761 1109 2832 κατὰτὸ

43 2881 76 2931 25
96 2879 139 2940 Γ·
167 2873 264 2960 λέγω,
289 2870 341 2939 ὅτι
362 2871 401 2940 τὸ
425 2869 491 2940 ὑτό
514 2875 582 2940 τών
606 2880 684 2959 ΑΒ,
707 2877 774 2939 ΒΓ
792 2870 1029 2959 περιεχόμενον
1054 2866 1110 2958 ὀρ-

95 2977 269 3064 θογώνιον
303 2986 379 3046 ἴσον
406 2978 475 3047 ἐστὶ
502 2982 547 3070 τῷ
576 3004 611 3046 τε
640 2975 706 3046 ὑπὸ
734 2981 802 3046 τών
826 2983 900 3063 ΑΓ,
934 2983 995 3044 ΓΒ
1018 2998 1112 3065 περι-

95 3083 240 3173 εχομένῳ
261 3080 460 3174 ὀρθογωνίῳ
480 3081 560 3169 μετά
574 3085 636 3151 τοῦ
650 3081 714 3150 άπὸ
737 3086 796 3168 τῆς
809 3089 876 3150 ΒΓ
889 3081 1111 3171 τετραγώνου.

166 3259 213 3315 ΠΙ.
237 3260 349 3329 Pappus
368 3259 393 3313 V
412 3278 437 3328 p.
454 3264 554 3327 378‚8.
578 3263 643 3328 380,
655 3265 695 3314 14.
720 3266 781 3328 420,
793 3267 888 3330 11‚19.
925 3260 1059 3316 Eutooius
1078 3261 1112 3316 in

94 3332 219 3386 Archim.
237 3329 276 3384 III
290 3348 321 3405 P·
337 3335 398 3399 256,
409 3336 432 3384 5.
471 3329 585 3386 Boetius
603 3347 631 3399 p.
646 3335 706 3398 385,
717 3335 741 3388 9.

94 3441 308 3452 ..-..-----

159 3495 179 3540 Ζ
202 3485 281 3558 ἐστι]
297 3504 351 3542 om.
371 3488 462 3546 BFV.
539 3490 606 3562 ΓΕ]
626 3505 640 3545 e
660 3506 729 3546 cort.
748 3491 781 3546 V.
856 3487 928 3562 ἐστι]
947 3488 1021 3546 ἐστιν
1040 3492 1072 3546 Ρ.
