2356 3818
103 134 171 200 320
487 134 689 188 Στοιχειωω
707 129 747 187 ε’.

104 283 185 362 ΑΓ,
218 274 435 363 πενταγώνου
468 275 506 344 δὲ
538 274 742 362 ἰσοπλεύρου
769 273 790 362 ἡ
822 283 906 345 ΑΒ·
948 277 1032 343 οἵων
1058 274 1127 365 άρα

105 382 195 451 ἐστὶν
228 378 247 450 ύ
282 387 418 451 ΑΒΓΔ
455 381 576 463 κύκλος
613 390 697 450 ίσων
729 382 907 470 τμήματων
931 382 1126 469 δεκαπέντε,

103 486 268 557 τοιούτων
299 485 320 575 ἡ
354 487 417 576 μὲν
448 491 553 555 ΑΒΓ
580 489 774 578 περιφέρεια
805 493 918 578 τρίτον
946 478 1035 556 ούσα
1063 493 1129 557 τού

102 593 230 664 κύκλον
253 598 346 662 ἔσται
365 594 472 681 πέντε,
486 590 507 680 ἡ
523 593 562 662 δέ
580 601 645 662 ΑΒ
674 596 872 685 περιφέρεια
889 597 1014 681 πέμτον
1035 585 1128 663 ούσοι

69 711 166 770 στοῦ
189 700 316 769 κύκλον
339 705 431 769 ἔσται
453 703 574 789 τριῶν·
603 699 702 788 λοιπὴ
727 699 792 790 άρα
814 697 836 788 ἡ
860 704 926 768 ΒΓ
944 704 1013 768 τάν
1039 709 1128 770 ίσων

104 806 178 875 δύο.
222 805 398 894 τετμήσθω
422 800 451 891 τ’]
468 810 535 874 ΒΓ
554 809 631 908 δίγα
653 805 736 875 κατά
760 805 798 876 τὸ
813 814 860 875 E·
896 807 1036 894 ἑκατέρα
1058 805 1129 894 άρα

104 917 173 983 τῶν
200 920 280 1000 ΒΕ,
313 918 380 981 ΕΓ
403 916 624 1002 περιφερειῶν
648 911 943 982 πεντεκαιδέκατόν
967 915 1039 982 έσττ
1062 918 1126 983 τοῦ

106 1025 240 1088 ΑΒΓΔ
262 1021 394 1087 κύκλου.

170 1122 250 1193 Ἐάν
264 1123 331 1212 άρα
346 1123 570 1206 ἐπιζεύξαντες
582 1123 640 1206 τάς
654 1123 736 1210 ΒΒ,’
744 1132 812 1194 ΕΓ
822 1134 896 1206 ίσας
909 1122 1028 1206 αύταίς
1041 1125 1127 1195 κατά

55 1246 89 1295 10
106 1230 144 1299 τὸ
174 1231 310 1318 συνεχές
337 1232 471 1310 εὐθείας
499 1229 737 1319 ἐναρμόσωμεν
765 1234 813 1311 είς
836 1228 896 1300 τὸν
924 1238 1126 1318 ΑΒΓΛ[Ε]

105 1336 242 1422 κύκλον,
266 1341 356 1404 ἔσται
380 1339 428 1417 είς
451 1333 556 1404 αύτδν
580 1338 849 1426 ἐγγεγραμμένον
872 1338 1129 1406 πεντεκαιδεκά-

105 1468 218 1529 γωνον
246 1440 448 1531 ἰσόπλευρόν
470 1467 504 1510 τε
528 1444 583 1511 καὶ
607 1442 806 1530 ίσογύνιον·
848 1441 929 1532 ὅπερ
959 1447 1028 1512 ἔδει
1051 1468 1128 1513 ποι-

106 1551 194 1636 ἦσαν.

165 1651 303 1741 Ὁμοίως
326 1654 365 1723 δὲ
386 1668 458 1735 τοῖς
481 1655 533 1723 ἐπὶ

55 1773 88 1824 15
107 1769 168 1829 τοῦ
178 1760 394 1847 πενταγώνου
404 1758 464 1829 ἐάν
477 1762 533 1830 διὰ

106 1876 175 1940 τῶν
204 1864 287 1934 κατὰ
317 1863 377 1935 τὸν
409 1866 533 1936 κύκλον

108 1973 305 2060 διαιρέσεων
351 1975 582 2091 ἐφαπτομέἜ

107 2104 168 2158 νας
198 2083 260 2146 τοῦ
297 2078 423 2149 κύκλον
454 2078 534 2167 άγά-
582 2096 590 2235 γ

107 2209 230 2270 γωμεν,
252 2186 533 2274 περιγραφήσεται
582 2239 583 2247 1

55 2306 90 2354 νο
108 2290 183 2377 περὶ
203 2288 262 2358 τὸν
280 2286 405 2361 κύκλον
423 2083 643 2472 navve-Ek

107 2395 358 2481 καιδεκάγωνον
382 2399 535 2469 ίσόπλευ-
622 2404 658 2483 Δ

109 2501 171 2589 ρόν
199 2528 233 2569 τε
261 2504 316 2570 καὶ
344 2488 534 2591 ἰσογώνιον.

109 2612 157 2674 έτι
180 2607 218 2675 δέ
241 2605 297 2676 διά
317 2613 384 2678 τῶν
408 2607 534 2698 ὁμοίων

108 2727 178 2793 τοϊς
206 2715 258 2782 ἐπὶ
285 2719 346 2784 τοῦ
368 2716 535 2803 πενταγιύ-

56 2835 90 2884 25
108 2846 172 2888 νον
187 2823 322 2903 δείξεων
335 2822 391 2890 καλ
406 2827 453 2902 είς
466 2821 504 2892 τὸ
520 2822 626 2892 δοθὲν
635 2822 983 2910 πεντεκαιδεκάγωνον
997 2823 1127 2894 κύκλον

110 2925 320 3014 ἐγγράψομέν
343 2952 378 2995 τε
400 2929 455 2995 καὶ
479 2926 747 3017 περιγράψομεν·
780 2926 861 3018 ὅπερ
885 2933 953 2997 ἔδει
976 2934 1126 3017 ποιῆσαι.

181 3128 206 3177 5.
227 3119 316 3194 ἔσται]
337 3142 380 3176 -οι
398 3122 429 3176 in
447 3122 544 3179 τοι]
617 3119 686 3194 ἄρα]
707 3139 761 3178 om.
780 3124 816 3190 P;
836 3131 897 3181 ων
912 3124 947 3193 V,
967 3141 1051 3194 supra
1071 3126 1104 3181 Γ.

111 3193 180 3264 ΒΓ]
201 3193 273 3247 Pin
290 3210 344 3250 rae.
363 3194 393 3247 Γ.
467 3200 491 3249 6.
517 3190 582 3265 δύο]
603 3189 631 3264 β’
652 3194 681 3248 Ρ.
756 3200 779 3249 7.
801 3192 871 3268 ἐστι]
891 3213 944 3252 om.
964 3194 1026 3264 Bp;
1046 3193 1127 3251 ἔσται

110 3265 140 3318 Ρ.
205 3270 232 3319 9.
254 3265 324 3335 ΕΓ]
343 3262 379 3331 Ρς
399 3267 458 3318 ΕΓ
474 3259 593 3326 εύθείας
611 3264 711 3320 Theon
729 3264 862 3338 (Blvvp).
919 3261 1034 3337 αύτωῖς]
1054 3285 1127 3324 corr,

111 3351 145 3389 ex
164 3330 255 3397 αύτάς
273 3342 340 3389 m.2
360 3335 390 3390 B.
466 3341 506 3390 10.
526 3339 633 3389 ΑΒΓΔ
651 3354 679 3407 p,
699 3336 741 3391 ed.
756 3337 841 3394 Basil.
915 3344 957 3392 11.
976 3355 1126 3394 πεντεκαι-

108 3402 287 3477 δεκάγωνον]
306 3424 363 3477 mg.
382 3406 414 3460 Β.
505 3412 547 3462 12.
571 3406 699 3478 ποιῆσαι]
720 3408 812 3475 δεῖξαι
830 3409 916 3480 BVp.
1009 3413 1127 3466 14—26

94 3474 487 3551 habuitCampanusIV,16.
526 3484 569 3535 15.
587 3474 653 3550 τύνλ
670 3477 775 3534 omffl,
810 3485 852 3534 18.
870 3474 1004 3550 1013th
1023 3481 1076 3535 τού
1096 3482 1128 3537 Γ.
