2356 3818
105 154 171 222 100
484 158 687 210 ΣΤοιΧωιαα
704 152 745 212 α’.

105 298 342 386 ληλόγραμμον
366 299 563 366 συνέσταται
586 296 624 366 τὸ
650 303 791 366 ΖΕΓΗ
803 300 840 367 ἐν
863 304 972 390 γωνίᾳ
990 301 1029 387 τῇ
1048 295 1116 367 ὑπὸ

102 411 215 491 ΓΕΖ,
238 401 313 492 ἥτις·
334 405 424 473 ἐστὶν
447 412 502 491 ίση
526 408 565 493 τῇ
590 412 639 471 Δ·
663 403 745 494 ὅπερ
768 409 837 473 ἔδει
859 408 1005 491 ποιῆσαι.

573 608 646 668 τι·

170 683 328 766 Παντὸς
363 687 781 776 παραλληλογράμμου
816 690 893 755 τών
926 685 1016 776 πὲρλ
1047 683 1119 775 τὴν

69 811 85 860 5
104 793 321 882 διάμετρον
343 793 770 881 παραλληλογράμμων
792 792 837 861 τά
860 793 1119 882 παραπληρώ-

102 925 204 986 ματα
227 907 292 967 ίσα
315 896 506 987 ἀλλήλοις
529 902 647 968 ἐστίν.
707 978 709 982 ρ

160 1005 269 1074 Ἔστω
292 1004 641 1094 παραλληλόγραμμον
658 1004 696 1074 τὸ
717 1012 862 1091 ΑΒΓΔ,
887 1005 1064 1094 διάμετρος
1082 1007 1120 1077 δὲ

103 1109 209 1180 αὐτοῦ
232 1108 253 1197 ἡ
277 1117 353 1197 ΑΓ,
376 1111 452 1198 περὶ
476 1109 514 1178 δὲ
536 1107 598 1198 την
621 1117 690 1179 ΑΓ
704 1112 1035 1201 παραλληλόγραμμα
1058 1114 1120 1200 μὲν

102 1213 186 1285 ἔστω
209 1214 250 1283 τά
270 1222 344 1302 ΕΘ,
365 1223 442 1302 ΖΗ,
464 1214 505 1285 τὰ
524 1215 562 1284 δὲ
580 1216 744 1303 λεγόμενα
761 1219 1058 1308 παραπληρώματα
1078 1219 1119 1288 τά

52 1341 85 1391 10
104 1329 181 1410 ΒΚ,
205 1329 290 1390 ΚΔ·
327 1323 424 1409 λέγω,
448 1319 499 1390 ὅτι
522 1331 599 1393 ἴσον
623 1323 691 1392 ἐστὶ
713 1321 751 1392 τὸ
776 1304 847 1391 ΒΚ
866 1324 1120 1415 παραπλήρωμα

103 1432 149 1520 τῷ
172 1435 207 1495 Κ
213 1436 247 1495 Δ
270 1427 564 1518 παραπληρώματι.

168 1533 257 1602 Ἐπεὶ
280 1531 345 1622 γάρ
368 1534 717 1625 παραλληλόγραμμόν
735 1538 804 1604 ἐστι
823 1535 860 1605 τὸ
880 1543 1029 1625 ΑΒΓΔ,
1049 1536 1122 1605 διά-

104 1665 222 1729 μετρος
247 1640 286 1708 δὲ
308 1639 416 1710 αὐτοῦ
438 1639 460 1728 ἡ
484 1647 558 1728 ΑΓ,
578 1650 654 1711 ἴσον
678 1643 747 1710 ἐστὶ
769 1641 808 1711 τὸ
832 1649 935 1711 ΑΒΓ
953 1648 1121 1730 τρίγωνον

103 1750 149 1838 τῷ
182 1753 281 1815 ΑΓΔ
312 1747 474 1840 τριγώνῳ.
520 1746 632 1832 πάλιν,
669 1749 739 1816 ἐπεὶ
772 1750 1121 1838 παραλληλόγραμμόν

53 1872 86 1921 15
105 1854 174 1922 ἐστι
196 1851 234 1923 τὸ
258 1861 336 1938 ΕΘ,
366 1852 542 1942 διάμετρος
570 1853 608 1921 δὲ
631 1851 737 1922 αὐτοῦ
765 1856 855 1924 ἐστιν
878 1853 900 1942 ἡ
929 1861 1014 1941 ΑΚ,
1043 1863 1120 1924 ἴσον

105 1959 174 2026 ἐστὶ
203 1958 241 2028 τὸ
271 1966 375 2028 ΑΕΚ
395 1964 563 2048 τρίγωνον
589 1964 635 2052 τῷ
660 1966 765 2028 ΑΘΚ
785 1960 947 2052 τριγώνῳ.
998 1960 1054 2030 διὰ
1079 1963 1119 2030 τά

105 2061 190 2131 αὐτὰ
224 2063 266 2150 δὴ
303 2066 359 2133 καὶ
391 2064 428 2134 τὸ
462 2071 567 2134 ΚΖΓ
604 2071 770 2155 τρίγωνον
806 2070 852 2155 τώ
887 2073 997 2135 ΚΗΓ
1030 2070 1121 2135 ἐστιν

105 2176 191 2237 ἴσον.
213 2171 283 2237 ἐπεὶ
307 2164 431 2240 οὖντὸ
455 2171 517 2259 μὲν
541 2178 648 2240 ΑΕΚ
667 2177 835 2260 τρίγωνον
857 2176 903 2266 τῷ
926 2179 1032 2241 ΑΘΚ
1052 2199 1122 2261 τρι-

104 2274 203 2366 γώνῳ
232 2277 323 2343 ἐστὶν
350 2285 442 2363 ἴσον,
473 2276 511 2347 τὸ
541 2277 579 2345 δὲ
602 2283 704 2346 ΚΖΓ
726 2282 772 2367 τῷ
801 2284 917 2362 ΚΗΓ,
949 2276 987 2346 τὸ
1018 2285 1125 2346 ΑΕΚ

54 2402 88 2451 20
105 2387 274 2468 τρίγωνον
305 2381 386 2468 μετὰ
417 2386 479 2450 τοῦ
512 2389 621 2451 ΚΗΓ
644 2391 721 2452 ἴσον
750 2384 819 2451 ἐστὶ
846 2387 891 2475 τῷ
920 2391 1026 2452 ΑΘΚ
1055 2411 1122 2471 τρι-

104 2487 204 2578 γώνῳ
250 2485 332 2573 μετά
377 2492 438 2555 τοῦ
479 2485 611 2555 ΚΖΓ·
657 2494 727 2556 ἔστι
773 2488 811 2557 δὲ
859 2490 914 2557 καὶ
956 2489 1037 2559 ἕλον
1082 2490 1121 2559 τὸ

105 2599 211 2660 ΑΒΓ
232 2599 398 2681 τρίγωνον
427 2591 493 2685 ὅλῳ
521 2599 566 2687 τῷ
590 2601 699 2663 ΑΔΓ
721 2603 811 2664 ίσον·
848 2596 969 2664 λοιπὸν
992 2595 1059 2686 άρα
1082 2594 1120 2666 τὸ

178 2768 274 2824 XLIII.
295 2770 409 2826 Boehius
427 2789 455 2840 p.
470 2775 584 2839 384,10.
600 2846 602 2851 Ι
621 2771 704 2842 Apud
721 2773 853 2830 Proclum
872 2774 982 2828 excidit.

179 2935 203 2987 1.
221 2928 401 3002 συνίσταται]
421 2929 564 3000 ΡΒΓὶιρξ
590 2932 753 2987 συνίσταται
770 2932 808 2998 V;
837 2927 998 3001 συνεστάθη
1017 2952 1047 3000 φ.

106 3002 243 3072 ΖΕΓΗ]
263 3017 362 3057 ecorr.
377 3022 407 3070 φ.
481 2997 512 3058 ἐν
531 3003 621 3075 γωνίᾳ
638 3003 671 3075 τῇ
692 2998 748 3058 ὑπὸ
769 3004 862 3074 ΓΕΖ]
883 3019 936 3060 om.
956 3004 978 3057 F
998 3005 1066 3074 (mg.
1083 3021 1121 3056 m.

106 3086 160 3126 ree.
181 3067 212 3125 ἐν
231 3074 320 3144 γωνίᾳ
339 3072 372 3140 τῇ
392 3067 448 3126 ὑπὸ
469 3066 589 3142 ΖΕΓῆ
608 3070 703 3141 ἐστιν).
794 3081 819 3129 2.
839 3075 934 3144 PEZ]
955 3090 1012 3143 seq.
1031 3090 1086 3128 ras.
1107 3080 1122 3128 1

106 3141 217 3210 litt.P;
237 3142 507 3211 ZEPB,Vm.2.
589 3138 910 3214 ἥτις]ΡῩΡ;ἥΒΓὶ).
992 3144 1122 3214 ποιῆσαι]

106 3212 137 3267 in
154 3229 209 3270 ras.
228 3231 260 3284 μς
284 3215 378 3280 δεῖξαι
395 3213 417 3268 Ρ
436 3210 479 3284 (ἐν
498 3211 572 3286 ἄλλῳ
592 3215 685 3280 δείξαι
702 3231 758 3285 mg.
778 3216 816 3285 b).
925 3222 949 3270 3.
969 3211 1123 3286 διάμετρον

107 3278 196 3339 αὐτοῦ
215 3303 243 3356 p.
325 3291 350 3340 8.
369 3285 437 3339 Post
453 3281 504 3355 τήν
523 3289 579 3339 ΑΓ
594 3284 624 3339 in
642 3283 668 3337 V
686 3302 722 3338 m.
739 3291 755 3339 2
775 3285 839 3340 add.
859 3286 1018 3356 διάμετρον.
1097 3293 1123 3341 9.

108 3358 167 3410 ZH
170 3355 182 3427 ]
195 3357 225 3409 H
228 3357 249 3408 Z
266 3355 296 3410 Γ.
369 3353 631 3427 παραπληρώματα]
651 3353 838 3426 -πληρώματα
856 3356 958 3412 iuras,
978 3363 1041 3413 m.2
1060 3354 1095 3410 V.

107 3420 156 3496 τά]
175 3443 213 3480 m.
232 3442 287 3482 rec.
306 3427 338 3482 P.
429 3432 470 3481 10.
491 3423 566 3482 ἐστίν
585 3426 616 3480 P.
697 3432 739 3481 11.
758 3423 1013 3499 παραπληρώματι]
1032 3445 1124 3495 παρα-

48 3514 54 3521 ·
92 3510 184 3559 supra
209 3495 284 3549 Vm.
296 3503 321 3550 2.
417 3503 459 3552 13.
480 3493 511 3571 ἡ]
532 3492 608 3552 ἐστιν
626 3492 644 3568 ἡ
663 3497 695 3554 F.
771 3498 847 3571 ἴσον]
865 3500 926 3553 ίσον
944 3493 1000 3568 ἄρα
1019 3499 1049 3552 Γ.
