2356 3818
111 148 174 214 178
493 153 695 206 ΣΤΟΙΧΕΙΩΝ
712 150 752 222 χ’.

176 291 252 359 Δύο
271 289 337 381 γὰρ
354 291 473 361 κύκλοι
492 297 529 362 ολ
539 299 650 378 ΑΒΓ,
669 299 769 362 ΓΔΕ
784 295 1050 382 ἐφαπτέσθωσαν
1069 291 1129 361 ἆλ-

107 396 220 485 ληλων
243 396 326 466 κατὰ
348 396 387 466 τὸ
400 404 433 466 Γ
451 412 606 485 σημεῖον·
628 398 726 488 λέγω,
750 397 802 470 ὅτι
821 399 884 470 ούκ
902 406 993 469 ἔσται
1011 396 1128 469 αὐτῶν

107 502 146 571 τὸ
170 501 252 572 αύτὸ
276 505 426 594 κέντρον.

176 613 221 677 Ec
242 608 307 699 γὰρ
327 609 485 697 δυνατόν,
509 615 592 679 ἔστω
610 609 649 680 τὸ
666 617 705 695 Ζ,
727 612 783 679 καὶ
806 613 992 701 ἐπεζεύχθω
1011 610 1033 699 ἡ
1053 618 1127 698 ΖΓ,

75 716 168 784 ὁκαὶ
191 715 335 805 διήχθω,
359 713 404 796 ιδς
427 721 553 803 ἔτυχεν,
577 713 598 803 ἡ
622 724 729 785 ΖΕΒ.

172 818 261 891 Ἐπεὶ
290 814 355 891 οὖν
382 821 420 893 τὸ
450 830 478 891 Ζ
506 836 646 911 σημεῖον
665 824 813 917 ,κέντρον
842 824 912 893 ἐστὶ
938 828 998 892 τού
1026 830 1132 892 ΑΒΓ

107 929 245 1016 κύκλου,
270 939 325 1017 ἴση
350 931 441 998 ἐστὶν
464 927 485 1018 ἡ
505 937 571 999 ΖΓ
587 933 628 1019 τῇ
648 938 718 999 ΖΒ.
741 931 854 1020 πάλιν,
878 930 948 1001 ἐπεὶ
965 928 1003 999 τὸ
1023 936 1050 998 Ζ
1071 950 1129 1017 ση-

108 1048 204 1122 μεῖον
227 1037 367 1124 κέντρον
391 1036 460 1103 ἐστὶ
480 1038 542 1103 τοῦ
561 1042 660 1104 ΓΑΕ
675 1036 812 1122 κύκλου,
837 1044 892 1120 ἴση
912 1034 1043 1122 έστῖνὴ
1067 1041 1133 1104 ΖΓ

108 1144 148 1228 τῇ
172 1148 243 1207 ΖΕ.
267 1143 402 1228 ἐδείχθη
428 1140 465 1208 δέ
488 1138 508 1226 ἡ
533 1147 598 1209 ΖΓ
615 1144 655 1227 τῇ
678 1147 740 1207 ΖΒ
762 1150 835 1226 ἴση·
858 1140 915 1206 καλ
938 1138 958 1226 ἡ
978 1149 1043 1209 ΖΕ
1060 1140 1128 1232 ἄρα

55 1259 88 1306 10
107 1250 146 1334 τῇ
172 1253 232 1312 ΖΒ
261 1247 352 1313 έστιν
375 1254 442 1333 ἴση,
474 1244 494 1332 ἡ
520 1246 665 1314 ἐλάττων
691 1250 731 1334 τῇ
756 1251 894 1332 μείζονι·
924 1245 1004 1335 ὅπερ
1033 1248 1128 1316 ἐστὶν

107 1349 290 1419 ἀδύνατον.
335 1350 398 1419 ούκ
426 1350 492 1440 ἄρα
520 1350 558 1420 τὸ
583 1359 610 1418 Ζ
638 1365 777 1438 σημεῖον
800 1354 941 1443 κέντρον
965 1354 1034 1420 ἐστὶ
1057 1356 1129 1422 τῶν

108 1464 217 1544 ΑΒΓ,
238 1463 338 1526 ΓΔΕ
357 1456 499 1527 κύκλων.

172 1562 251 1633 Ἐὰν
284 1563 350 1655 ἄρα
377 1565 441 1634 δύο
468 1564 587 1633 κύκλοι
614 1563 827 1652 ἐφάπτωνται
859 1563 1029 1652 αλλήλων,
1065 1564 1128 1633 οὐκ

109 1675 201 1739 ἔσται
225 1669 337 1740 αύτων
360 1668 398 1739 τὸ
423 1668 503 1738 αὐτὸ
527 1671 682 1759 κέντρον·
706 1669 786 1759 ὅπερ
811 1676 879 1738 έδει
902 1672 1016 1752 δεῖξαι.

55 1903 88 1952 15
596 1864 633 1946 ζ’·

171 1989 257 2059 Ἐὰν
280 1990 427 2058 κύκλου
445 1990 507 2056 ἐπὶ
525 1992 594 2076 τῆς
612 1992 829 2079 διαμέτρου
847 1992 982 2076 ληφθῇ
1000 2014 1036 2054 τι
1057 2006 1128 2074 ση-

107 2111 238 2184 μεῖον,
273 2092 291 2164 δ
319 2094 369 2183 μή
398 2098 479 2163 ἐστι
502 2096 669 2186 κέντρον
691 2099 762 2163 τοῦ
785 2094 949 2181 κύκλου,
981 2091 1055 2162 ἀπὸ
1082 2095 1129 2163 δὲ

106 2206 178 2271 τοῦ
209 2207 376 2290 σημείου
411 2200 507 2291 πρὸς
543 2202 612 2270 τὸν
643 2203 784 2270 κύκλον
821 2205 1128 2290 προσπίπτωσιν

108 2306 269 2377 εύθεῖαί
288 2310 417 2399 ξτιυες,
455 2314 617 2396 μεγίστη
650 2308 720 2396 μέν
750 2313 873 2392 ἔσται,
912 2305 969 2394 ἐφ’
1000 2299 1046 2393 ἧς
1080 2307 1126 2376 τὸ

53 2415 288 2504 κοκέντρου,
319 2417 502 2503 έλαχίστη
531 2414 573 2483 δὲ
601 2412 621 2501 η
648 2414 782 2501 λοιπή,
814 2416 890 2481 τῶν
920 2412 962 2480 δὲ
989 2410 1127 2481 ἄλλων

107 2517 168 2589 ιἰελ
192 2519 212 2607 ἡ
237 2526 371 2608 έχχιου
393 2525 461 2607 τῆς
480 2519 545 2588 διὰ
564 2523 634 2588 τοῦ
652 2521 821 2607 κέντρου
835 2523 901 2605 τῆς
916 2516 1127 2608 ἀπώτερον

107 2633 250 2714 μείζων
282 2630 403 2712 ἐστίν,
432 2625 504 2694 δύο
534 2625 576 2694 δέ
603 2624 727 2713 μόνον
758 2634 840 2692 ίσαι
865 2622 937 2692 ἀπὸ
962 2628 1031 2693 τού
1056 2644 1127 2711 ση-

42 2750 47 2763 ’
107 2739 222 2820 μείου
244 2737 566 2821 προσπεσοῦνται
588 2730 685 2821 πρὸς
707 2733 776 2800 τὸν
795 2730 942 2799 κύκλον
961 2729 1018 2817 ἐφ’
1037 2731 1127 2798 ἕκοί-

107 2865 198 2928 τερα
221 2844 288 2927 της
313 2841 529 2926 ἐλαχίστης.

54 2962 88 3013 25
166 2944 274 3014 Ἔστω
298 2944 419 3026 κύκλος
442 2944 460 3014 ὁ
484 2952 628 3031 Am,
653 2943 833 3031 διάμετρος
852 2942 890 3010 δὲ
913 2939 1018 3010 αύτού
1037 2947 1126 3012 έστω

107 3049 128 3140 ἡ
153 3062 239 3140 ΑΛ,
262 3053 319 3121 καλ
341 3053 394 3121 ἐπί
412 3056 471 3139 τῆς
494 3061 564 3119 ΑΛ
587 3049 740 3137 εἴλήφθω
761 3075 792 3115 τι
816 3062 954 3135 σημεῖον
976 3046 1014 3115 τὸ
1039 3056 1079 3133 Ζ,
1107 3049 1126 3118 ὃ

89 3159 152 3247 -μη
181 3162 250 3228 ἐστι
277 3161 417 3248 κέντρον
444 3162 506 3226 τοῦ
529 3157 664 3243 κύκλου,
686 3157 826 3243 κέντρον
851 3154 888 3222 δέ
910 3158 971 3221 τοῦ
994 3152 1128 3224 κύκλου

107 3288 320 3300 *—

181 3361 203 3410 1.
224 3350 414 3409 διττέσθασαν
432 3353 455 3406 Ρ
474 3351 542 3406 εδδ
562 3355 628 3404 m.1
650 3351 729 3418 (corr.
744 3367 780 3403 m.
792 3351 828 3418 λ).
888 3355 912 3402 2.
933 3346 1023 3419 ἔσται]
1045 3347 1127 3407 έστιν

106 3420 164 3493 Vp.
240 3431 265 3479 ο.
285 3421 359 3479 ἐστιν
380 3423 411 3478 v.
485 3429 509 3476 τ.
531 3422 591 3493 ΖΒ]
612 3419 708 3474 ΒΖΡ.
782 3417 1074 3492 πάλιν-ΗΔΕ]
1095 3424 1128 3479 in

86 3506 196 3561 ηιμ.
274 3499 299 3550 8.
320 3490 401 3550 ἐστίν
421 3494 453 3550 V.
537 3489 901 3560 9.δλκαίρελλ“ω.2.
976 3495 1018 3545 10.
1040 3488 1128 3548 ἐλύσ-
