2356 3818
65 164 130 231 168
448 163 653 216 ΣΤΟΙΧΒΙΩΝ
670 158 708 231 γ’.

68 311 176 394 γωνία
194 304 260 395 ἄρα
279 303 301 393 ή
319 301 386 373 ὑπὸ
401 312 517 372 ΑΔΗ
525 309 634 394 γωνίᾳ
651 307 691 394 τή
710 300 777 373 ὑπὸ
791 311 831 372 Η
832 311 899 373 ΔΒ
913 312 969 392 ίση
985 304 1089 374 ἐστίν.

67 409 151 482 όταν
175 410 212 480 δέ
240 409 358 480 εόθεία
382 409 433 480 ἐπ’
459 409 599 480 εὐθεῖαν
621 419 784 478 σταθεῖσα
806 409 866 492 τὰς
888 411 1005 498 έφεξής
1022 434 1087 497 γυ·

66 522 142 598 νίας
164 526 238 598 ίσας
260 515 421 603 ἀλλήλαις
439 520 529 607 ποιή,
553 514 642 606 όρθή
662 517 799 604 ἑκατέρα
821 521 890 586 τῶν
913 526 998 586 ίσων
1021 543 1087 605 μω-

67 627 152 693 νιῶν
176 626 279 693 ἐστιν·
304 620 392 712 ὀρθή
416 621 482 712 ἄρα
506 623 596 693 ἐστὶν
618 620 639 711 ή
658 620 726 692 ὑπὸ
740 629 857 693 ΗΔΒ.
888 624 958 692 ἐστὶ
973 623 1011 693 θλ
1029 623 1089 692 καί

32 728 89 817 δή
121 726 186 798 ὑπὸ
217 737 317 798 ΖΔΒ
348 727 454 819 ὀρθή·
492 738 547 817 ίση
584 728 650 819 ἄρα
682 726 703 816 ή
731 727 797 798 ὑπὸ
827 737 927 798 ΖΔΒ
950 734 990 819 τή
1018 725 1089 798 ὑπὸ

68 843 192 923 ΗΔΒ,
219 834 241 924 ή
265 841 385 924 μείζων
411 839 452 926 τή
481 836 643 917 ἐλάττονι·
684 835 765 926 ὅπερ
790 837 881 905 ἐστίν
906 835 1090 905 ἀδύνατον.

70 940 133 1011 οὐκ
156 941 222 1031 ἄρα
245 943 283 1011 τὸ
302 950 342 1010 Η
354 944 495 1032 κέντρον
519 943 589 1012 ἐστὶ
607 947 670 1012 τοῦ
683 950 788 1012 ΑΒΓ
805 942 940 1012 κύκλον.
964 939 1109 1029 ὁμοίως

74 1047 116 1136 δή
141 1051 304 1137 δείξομεν,
328 1047 379 1118 ότι
402 1046 478 1117 οὐδ’
505 1048 586 1118 ἄλλο
609 1076 641 1117 τι
665 1048 753 1136 πλήν
771 1053 833 1118 τοῦ
857 1057 893 1119 Ζ.

146 1153 242 1257 ΤόΖ
270 1153 335 1244 ἄρα
368 1169 507 1242 σημεῖον
538 1157 678 1245 κέντρον
707 1156 775 1224 ἐστὶ
802 1158 864 1224 τοῦ
891 1160 995 1223 ΑΒΓ
1020 1153 1093 1237 [κύ-

20 1276 56 1326 10
75 1266 181 1348 κλου].
413 1276 417 1281 ’

487 1351 683 1439 Πόρισμα.

141 1471 196 1541 Ἐκ
220 1472 261 1561 δή
285 1473 409 1543 τούτου
432 1472 593 1562 φανερόν,
620 1472 672 1543 ὅτι
696 1472 755 1543 ἐὰν
779 1476 816 1542 έν
838 1472 949 1566 κόκλφ
973 1469 1096 1540 εόθείολ

75 1607 125 1661 τις
148 1578 289 1648 εὐθείόν
312 1605 386 1648 τινα
410 1585 486 1668 δίχα
509 1580 564 1647 καί
587 1578 671 1668 πρὸς
694 1578 803 1668 ὀρθὰς
822 1581 937 1668 τέμνη,
961 1578 1014 1647 ἐπὶ
1031 1581 1097 1665 τής

76 1685 261 1775 τεμνούσης
284 1688 353 1755 ἐστὶ
376 1685 414 1755 τὸ
438 1687 579 1775 κέντρον
603 1691 664 1755 τοῦ
687 1686 821 1755 κύκλου.
848 1726 891 1736 -
921 1683 1002 1773 ὅπερ
1026 1688 1095 1752 ἔδει

27 1806 59 1856 15
80 1795 226 1880 ποιήσαι.

148 2040 235 2109 Ἐὰν
258 2041 408 2109 κύκλου
432 2042 493 2109 έπλ
511 2045 578 2127 τῆς
596 2046 850 2129 περιφερείας
868 2042 1002 2126 ληφθή
1022 2038 1097 2107 δύο

82 2147 251 2234 τυχόντα
271 2160 428 2234 σημεῖα,
447 2145 468 2233 ή
488 2148 550 2215 ἐπὶ
568 2149 613 2213 τὰ
628 2159 771 2234 σημεῖα
786 2144 1097 2231 ἐπιζευγνυμένη

84 2250 224 2321 εὐθεῖα
249 2251 359 2332 ἐντὸς
381 2266 559 2322 πεσεῖται
582 2257 650 2320 τοῦ
674 2252 832 2321 κύκλου.

27 2375 62 2424 20
138 2357 247 2425 Ἔστω
272 2357 405 2447 ζκόκλος
438 2356 593 2445 ὁΑΒΓ,
627 2359 683 2426 καί
712 2359 764 2426 ἐπὶ
796 2362 854 2445 τῆς
885 2362 1101 2446 περιφερείας

83 2468 189 2533 αὐτοῦ
214 2463 367 2552 εἰλήφθω
391 2463 454 2532 δύο
478 2467 622 2551 τυχόντα
646 2462 826 2550 σημεῖατὰ
851 2473 897 2550 Α,
921 2471 964 2531 Β·
999 2464 1099 2549 λέγω,

85 2571 137 2640 ότι
160 2569 180 2657 ή
205 2568 270 2638 ἀπὸ
294 2575 355 2638 τοῦ
378 2580 411 2637 Α
435 2572 487 2638 ἐπὶ
509 2568 547 2639 τὸ
571 2578 600 2638 Β
625 2572 880 2657 ἐπιζευγνυμένη
908 2567 1025 2637 εὐθεῖα
1049 2570 1100 2637 έν-

83 2678 141 2756 τός
165 2691 310 2744 πεσεῖται
333 2674 549 2745 τοῦκύκλου.

151 2782 212 2870 Μή
245 2783 326 2870 γάρ,
359 2781 432 2850 ἀλλ’
463 2787 493 2850 εί
520 2783 684 2867 δυνατόν,
712 2783 853 2849 πιπτέτω
882 2777 975 2859 ἐκτὸς
1002 2776 1048 2858 ὡς
1078 2776 1100 2865 ἡ

32 2905 67 2953 25
87 2897 197 2975 AER,
220 2890 276 2956 καί
300 2889 453 2976 εἰλήφθω
476 2887 514 2957 τὸ
532 2892 672 2977 κέντρον
691 2892 752 2956 τοῦ
767 2892 871 2955 ΑΒΓ
883 2885 1020 2970 κύκλου,
1042 2885 1102 2952 καλ

154 3069 236 3137 Prop.
251 3069 263 3120 I
282 3063 346 3136 πόρ.
367 3067 483 3122 Proclus
501 3085 529 3136 p.
545 3073 597 3122 304
608 3073 632 3122 6.
666 3063 826 3135 Simplicius
840 3064 869 3117 in
882 3064 963 3133 phys.
978 3060 1102 3118 f01.14¹².

159 3235 182 3283 1.
203 3224 279 3284 ἐστιν
299 3229 343 3295 ίση
362 3246 389 3296 p.
463 3232 487 3280 3.
507 3220 582 3294 ὀρθή
603 3220 678 3279 έστιν
696 3241 723 3294 p.
797 3224 876 3295 ἴσων]
897 3239 950 3277 om.
970 3220 1000 3274 P.
1076 3227 1102 3276 4.

88 3294 175 3371 ἔστιν]
196 3317 249 3354 om.
269 3317 296 3368 p.
377 3296 477 3368 ΗΔΒ]
498 3299 584 3351 ΔΗΒ
604 3315 633 3363 φ.
715 3301 740 3351 6,
760 3293 859 3364 ΗΔΒ]
878 3293 908 3346 in
925 3308 979 3345 ras.
997 3291 1027 3345 F.

89 3365 210 3425 λλόττων
228 3370 262 3439 τῇ
282 3370 388 3439 μείζονι
408 3367 438 3421 Ρ.
526 3373 549 3421 ἵ.
570 3361 644 3421 ἐστίν
663 3365 697 3419 V.
770 3365 868 3435 ΑΒΓ]
888 3366 1014 3430 ΗΒΓφ
1034 3363 1104 3430 (non

89 3441 166 3510 Ἑλ*
222 3447 245 3495 8.
267 3434 345 3510 οὐδ’]
366 3433 434 3493 οὐδέ
453 3437 483 3492 Ρ.
574 3442 598 3492 9,
618 3431 687 3507 ἄρα]
707 3452 760 3492 om.
781 3436 810 3489 F.
903 3428 977 3488 ἐστίν
995 3431 1057 3487 PV.

81 3505 210 3578 τιν’κλον]
226 3526 278 3563 om.
299 3509 330 3564 P.
409 3515 449 3565 11.
471 3503 610 3581 πόρισμα]
631 3523 685 3562 om.
702 3506 752 3582 F„
807 3512 851 3559 1⁴2.
868 3526 910 3567 τις
929 3499 1032 3558 εὐθεῖα
1051 3503 1088 3559 V.
