2356 3818
98 150 167 217 290
478 152 681 205 ΣΤΟΙΧΕῙΩΝ
699 146 739 206 δ’.

98 290 311 381 τετράγωνον
343 290 410 382 ἀρα
442 293 555 362 ἐστίν.
587 292 644 360 καὶ
671 293 928 382 περιγέγραπται
954 291 1034 382 περὶ
1057 290 1120 362 τὸν

99 403 236 465 ΑΒΓΔ
256 395 392 467 κύκλον.

165 505 254 591 Περὶ
280 502 341 572 τὸν
369 505 516 575 δοδέντα
543 503 612 595 ἀρα
637 503 1003 595 αύκλον·τετράγωνον
1025 528 1120 596 περι·

98 610 298 698 γέγραπται·
331 609 412 700 ὅπερ
436 615 504 679 ἔδει
526 613 673 698 ποιήσαι.

64 822 80 871 5
534 829 537 834 ·
583 804 627 892 η’.

166 931 236 1008 Eis
257 926 300 996 τὸ
320 929 445 998 δοθὲν
466 927 719 1019 τετράγωνον
741 928 889 1005 κύκλον
907 927 1116 1018 ἐγγράψαι.

157 1029 266 1101 Ἔστω
288 1033 327 1101 τὸ
351 1034 458 1104 δοθὲν
475 1033 688 1124 τετράγωνον
705 1033 743 1103 τὸ
761 1040 909 1103 ΑΒΓΔ·
933 1033 1049 1122 δεῖδή
1069 1039 1117 1114 είς

97 1136 136 1207 τὸ
160 1146 295 1208 ΑΒΓΔ
316 1142 528 1229 τετράγωνον
550 1139 676 1209 κύκλον
699 1139 872 1230 ἐγγράψαι.

169 1244 351 1332 Τετμήσθω
380 1245 518 1333 ἑκατέρα
544 1251 613 1316 τῶν
640 1254 726 1332 ΑΔ,
758 1254 824 1315 ΑΒ
855 1250 934 1334 δίχα
959 1245 1045 1315 κατὰ
1074 1245 1115 1315 τά

46 1369 80 1417 10
99 1357 143 1435 E,
168 1358 195 1418 Z
223 1365 357 1439 σημεῖα,
390 1352 446 1419 καὶ
477 1350 534 1420 διὰ
557 1352 619 1441 μὲν
642 1355 703 1420 τού
725 1359 758 1422 E
778 1349 923 1442 ὁποτέρᾳ
943 1355 1013 1420 τῶν
1036 1361 1114 1439 ΑΒ,

98 1463 161 1526 ΓΔ
182 1456 513 1548 παράλληλοςιήχθω
542 1455 561 1526 ὁ
584 1464 661 1544 ΒΘ,
693 1458 750 1526 διὰ
773 1458 812 1527 δὲ
833 1462 896 1526 τοῦ
919 1465 946 1525 Ζ
970 1455 1115 1549 ὁποτέρα

96 1567 165 1632 τῶν
187 1571 272 1651 ΑΔ,
298 1570 365 1632 ΒΓ
382 1563 595 1653 παράλληλος
617 1562 713 1653 ήχδω
736 1560 757 1651 ή
782 1570 865 1631 ΖΚ·
905 1562 1113 1651 παραλληλό-

96 1696 252 1758 γραμμον
276 1668 341 1756 ἀρα
365 1670 456 1738 ἐστὶν
479 1671 711 1738 ἕκαστοντῶν
734 1676 814 1757 ΑΚ,
839 1676 917 1756 ΚΒ,
939 1677 1016 1756 ΑΘ,
1036 1676 1114 1753 ΘΔ,

96 1783 184 1862 ΑΗ,
214 1782 293 1861 ΗΓ,
315 1783 395 1860 ΒΗ,
418 1782 501 1861 ΗΔ,
519 1778 575 1844 καὶ
598 1779 636 1843 αλ
656 1775 859 1845 ἀπεναντίον
881 1774 995 1845 αὐτῶν
1017 1782 1114 1844 πλεο·

45 1896 78 1945 15
97 1882 154 1970 ραλ
177 1882 336 1968 δηλονότι
359 1891 429 1950 ίσαι
453 1886 576 1966 [είσίν].
612 1882 669 1949 καί
692 1883 762 1950 ἐπεὶ
786 1891 841 1969 ίσή
875 1882 966 1951 ἐστὶν
997 1877 1115 1967 ήΑΔ

96 1990 136 2077 τῇ
160 1995 243 2073 ΑΒ,
275 1994 334 2056 καί
363 1990 432 2056 έστι
459 1992 519 2074 τῆς
546 1985 608 2074 μὲν
636 1994 707 2055 ΑΔ
736 1985 870 2075 ἡμίσεια
893 1985 914 2073 ή
938 1994 1022 2073 ΑΕ,
1056 1990 1115 2073 τῆς

98 2092 136 2160 δὲ
163 2101 229 2160 ΑΒ
257 2089 434 2181 ήμίσειαή
462 2101 542 2180 ΑΖ,
575 2101 631 2180 ίσή
659 2092 726 2181 ἀρα
752 2095 809 2161 καὶ
837 2091 942 2181 ήΑΒ
961 2097 1003 2181 τῇ
1030 2100 1115 2160 ΑΖ·

98 2195 182 2266 ὥστε
204 2200 260 2266 καὶ
284 2203 321 2267 αλ
342 2199 562 2268 ἀπεναντίον·
588 2207 644 2286 ίσή
668 2198 735 2288 ἀρα
756 2200 813 2268 καὶ
836 2197 857 2286 ή
881 2205 953 2267 ΖΗ
971 2203 1011 2288 τῇ
1033 2207 1115 2268 ΗΒ.

98 2300 221 2392 ἱμοίως
250 2304 291 2391 δὴ
320 2308 488 2393 δείξομεν,
515 2304 566 2374 ὅτι
595 2306 651 2373 καὶ
674 2305 811 2393 ἑκατέρα
833 2309 902 2374 των
925 2312 1008 2391 ΗΘ,
1040 2311 1118 2373 ΗΚ

46 2429 79 2478 20
98 2410 238 2500 ἑκατέρα
259 2415 327 2478 τῶν
352 2418 429 2497 ΖΗ,
452 2419 524 2479 ΗΒ
545 2415 635 2480 ἐστιν
659 2419 733 2498 ίσή·
757 2414 795 2479 αλ
814 2412 971 2499 τέσσαρες
993 2408 1060 2499 ἀρα
1079 2413 1117 2478 αί

97 2523 182 2601 ΗΒ,
214 2523 297 2603 ΗΖ,
325 2524 408 2604 ΗΘ,
437 2522 511 2584 ΗΚ
537 2525 607 2585 ίσαι
634 2513 794 2605 ἀλλήλαις
823 2519 948 2602 [είσίν].
998 2513 1017 2585 ὁ
1047 2515 1114 2604 ἀρα

97 2622 222 2714 κέντρῳ
247 2623 308 2709 μέν
330 2627 376 2718 τῷ
399 2628 439 2690 Η
453 2623 651 2712 διαστήματι
674 2623 711 2692 δὲ
735 2624 786 2693 ἑνὶ
808 2626 877 2692 των
895 2630 935 2708 Ε,
959 2629 998 2709 Ζ,
1020 2629 1061 2708 Θ,
1081 2629 1116 2690 Κ

96 2727 217 2807 κύκλος
240 2728 453 2818 γραφόμενος
471 2728 542 2817 ήξει
564 2731 620 2798 καὶ
640 2728 695 2798 διά
714 2733 783 2798 τῶν
801 2733 929 2798 λοιπων
949 2733 1114 2816 σημείων·

96 2836 153 2902 καὶ
177 2833 340 2921 ἐφάψεται
362 2841 432 2905 τῶν
454 2844 536 2922 ΑΒ,
569 2840 645 2921 ΒΓ,
678 2839 756 2921 ΓΔ,
788 2840 859 2900 ΔΑ
884 2830 1030 2902 εύδειύν
1055 2832 1114 2902 διά

46 2958 78 3008 25
97 2939 134 3008 τὸ
160 2938 268 3029 ὀρθάς
295 2939 382 3010 εἶναι
410 2942 471 3021 τάς
492 2940 576 3029 πρὸς
598 2954 669 3021 τοῖς
691 2947 743 3026 Β,
768 2947 811 3027 Ζ,
843 2947 887 3026 Θ,
914 2947 950 3009 Κ
970 2946 1115 3027 γωνίας·

99 3050 130 3115 εί
150 3048 216 3136 γάρ
239 3060 331 3132 τεμεῖ
352 3045 370 3114 ὁ
393 3045 514 3127 κύκλος
536 3044 595 3127 τὰς
617 3053 698 3131 ΑΒ,
721 3051 798 3130 ΒΓ,
822 3050 899 3131 ΓΔ,
923 3052 1004 3132 ΔΑ,
1028 3041 1050 3132 ἡ
1074 3050 1115 3136 πή

168 3206 242 3260 VIII.
262 3205 376 3261 Boetius
394 3223 421 3274 p.
437 3211 497 3276 389,
508 3211 532 3262 5.

169 3326 195 3404 '1.
225 3342 313 3420 eom]
334 3363 424 3417 comp.
444 3366 475 3417 p;
495 3341 558 3402 ἔσει
572 3345 690 3401 Ροεν.
762 3352 787 3400 5.
806 3342 850 3417 η’]
869 3352 938 3399 m.2
961 3343 995 3398 v.
1071 3352 1115 3403 ιι.

98 3414 336 3487 ειιιῆχεωρ,
411 3414 1077 3539 mm]Bmutat.1nssm.21v;1³KBB.

89 3492 134 3542 14,
154 3490 225 3559 ΒΗ,
245 3489 448 3562 HAJecorr.
466 3489 497 3548 F.
571 3493 616 3545 15.
635 3486 720 3560 ελοίνλ
735 3488 773 3555 Βς
791 3486 848 3542 scat
863 3485 952 3555 3qu
971 3503 1026 3542 om.
1070 3531 1077 3544 .
