2356 3818
102 169 168 235 286
489 169 690 225 ΣῖΟΙΧΒΙΩΝ
707 166 748 225 δ’.

162 312 271 382 Ἔστω
295 312 316 401 ἡ
340 314 456 394 δοθεῖς
478 313 600 393 κύκλος
623 310 641 381 ὁ
665 316 817 380 ΑΒΓΔ·
846 312 900 380 δεῖ
920 305 964 398 δὴ
987 312 1036 390 εἰς
1056 305 1120 377 τὸν

104 426 238 490 ΑΒΓΔ
259 419 384 489 κύκλον
406 418 617 507 τετράγωνον
641 418 815 510 ἐγγράψαι.

162 525 347 616 Ἤχθωσαν
369 531 431 596 τού
454 533 590 595 ΑΒΓΔ
606 526 734 595 κύκλου
756 525 822 594 δύο
840 522 1013 611 διάμετροι
1034 520 1122 610 πρὸς

105 630 212 719 ὀρθάς
235 630 394 721 ἀλλήλαις
408 638 446 702 αἴ
457 640 533 720 ΑΓ,
553 641 582 701 Β
588 642 632 719 Δ,
650 635 706 701 καὶ
721 628 972 719 ἐπεζεύχθωσαν
986 633 1025 698 αλ
1037 635 1121 713 ΑΒ,

70 754 86 803 ε
105 744 177 822 ΒΓ,
200 746 273 826 ΓΔ,
298 750 377 808 ΔΑ.

171 847 239 913 Καὶ
272 848 342 915 ἐπεὶ
370 856 424 934 ἴση
453 848 543 915 ἐστὶν
565 845 587 933 ἡ
611 852 678 913 ΒΕ
697 849 737 934 τῇ
762 851 848 912 ΕΔ·
887 845 1028 932 κέντρον
1051 840 1119 930 γὰρ

104 951 142 1020 τὸ
166 960 212 1019 Β·
253 951 351 1039 κοινὴ
380 951 418 1020 δὲ
444 953 499 1020 καῖ
527 951 610 1041 πρὸς
637 949 745 1039 ὀρθάς
772 947 792 1038 ἡ
818 957 898 1035 ΕΑ,
929 946 1029 1034 βάσις
1049 945 1119 1036 ἄρα

104 1055 125 1144 ἡ
149 1066 215 1126 ΑΒ
237 1057 334 1144 βάσει
358 1062 398 1147 τη
421 1066 493 1126 ΑΔ
516 1067 571 1145 ἴση
596 1061 695 1127 ἐστίν.
742 1054 799 1124 διά
821 1054 863 1123 τά
886 1053 971 1123 αύτὰ
994 1053 1038 1140 δὴ
1061 1053 1119 1122 καῖ

104 1163 242 1252 ἑκατέρα
259 1168 327 1232 τῶν
341 1170 414 1250 ΒΓ,
437 1170 500 1231 ΓΔ
519 1165 656 1252 ἑκατέρᾳ
673 1168 742 1232 τῶν
756 1170 834 1248 ΑΒ,
851 1169 923 1230 ΑΔ
942 1170 997 1248 ἴση
1013 1162 1118 1228 ἐστίν·

52 1284 86 1333 10
105 1268 306 1355 ἰσόπλευρον
336 1268 402 1356 άρα
426 1269 494 1337 ἐστὶ
516 1267 554 1336 τὸ
577 1275 711 1337 ΑΒΓΔ
733 1267 985 1357 τετράπλευρον.
1030 1269 1116 1353 λέγω

105 1373 159 1461 δή,
183 1372 234 1442 ὅτι
256 1374 312 1442 καῖ
336 1372 559 1463 ὀρθογώνιον.
588 1376 658 1443 ἐπεὶ
680 1373 745 1463 γάρ
768 1373 790 1462 ἡ
813 1382 882 1442 ΒΔ
904 1371 1023 1442 εύθεῖα
1044 1371 1119 1440 διά-

104 1479 223 1569 μετρός
245 1483 314 1548 ἐστι
336 1483 397 1548 τοῦ
420 1487 554 1548 ΑΒΓΔ
575 1480 712 1568 κύκλου,
737 1478 937 1568 ἡμικύκλιον
959 1477 1026 1568 άρα
1048 1479 1117 1547 ἐστὶ

103 1586 142 1655 τὸ
165 1595 287 1655 ΒΑΔ·
330 1585 418 1677 ὀρθὴ
451 1585 518 1675 άρα
549 1584 570 1674 ἡ
602 1584 667 1655 ὑπὸ
696 1595 802 1655 ΒΑΔ
828 1591 943 1673 γωνία.
990 1585 1046 1653 διά
1078 1583 1117 1652 τά

105 1691 189 1761 αὐτὰ
213 1692 255 1779 δὴ
278 1694 334 1760 καὶ
353 1693 473 1780 ἑκάστη
491 1697 559 1762 τῶν
578 1691 644 1761 ὑπὸ
658 1699 768 1779 ΑΒΓ,
783 1696 890 1770 ΒΓΔ,
909 1696 1009 1759 ΓΔΑ
1028 1689 1118 1780 ὀρθή

53 1813 86 1862 15
104 1801 211 1868 ἐστιν·
236 1797 452 1886 ὀρθογώνιον
474 1798 540 1885 άρα
563 1800 632 1868 ἐστὶ
654 1798 692 1867 τὸ
712 1804 846 1866 ΑΒΓΔ
863 1796 1120 1886 τετράπλευρον.

105 1908 241 1994 ἐδείχθη
269 1906 307 1973 δὲ
333 1906 390 1973 καὶ
418 1904 637 1992 ἰσόπλευρον·
678 1903 888 1993 τετράγωνον
919 1901 985 1990 ἄρα
1018 1906 1120 1972 ἐστίν.

104 2012 160 2078 καὶ
183 2013 400 2100 ἐγγέγραπται
424 2015 471 2091 εἴς
493 2009 553 2079 τὸν
577 2015 711 2078 ΑΒΓΔ
733 2009 867 2077 κύκλον.

172 2122 232 2197 Εές
250 2115 316 2205 άρα
333 2116 394 2186 τὸν
408 2119 555 2186 δοθέντα
569 2116 694 2186 κύκλον
707 2115 920 2203 τετράγωνον
938 2115 1119 2202 ἐγγέγραπ-

104 2245 159 2289 ται
182 2221 220 2289 τὸ
244 2229 395 2291 ΑΒΓΔ·
420 2221 501 2311 ὅπερ
525 2228 593 2291 ἔδει
616 2226 763 2309 ποιησαι.

52 2415 86 2464 20
595 2400 631 2481 ζ’.

171 2522 272 2610 Περὶ
295 2518 364 2590 τὸν
384 2523 558 2589 δοθέντα
576 2521 720 2592 κύκλον
737 2521 989 2611 τετράγωνον
1006 2545 1120 2608 ττερι-

106 2627 263 2715 γράψαι

163 2731 272 2801 Ἔστω
296 2730 314 2801 ὁ
338 2735 454 2813 δοθεὶς
476 2733 597 2814 κύκλος
620 2731 638 2802 ὁ
662 2741 808 2803 ΑΒΓΔ·
832 2738 886 2802 δεῖ
902 2732 944 2820 δὴ
963 2733 1039 2822 ττερλ
1058 2731 1121 2802 τὸν

104 2845 239 2907 ΑΒΓΔ
261 2837 386 2907 κύκλον
407 2839 619 2927 τετράγωνον
641 2839 854 2929 περιγράψαι.

51 2961 86 3012 25
163 2942 348 3032 Ἤχθωσαν
370 2950 431 3013 τοῦ
456 2952 590 3013 ΑΒΓΔ
607 2946 733 3014 κύκλον
756 2948 819 3014 δύο
843 2945 1015 3033 διάμετροι
1033 2944 1123 3034 πρὸς

105 3048 214 3140 ὀρθὰς
236 3048 395 3138 ἀλλήλαις
418 3055 455 3120 αλ
471 3058 546 3139 ΑΓ,
565 3061 643 3137 ΒΔ,
666 3054 722 3120 καῖ
745 3051 803 3120 διά
819 3057 887 3122 τῶν
906 3062 949 3138 Α,
964 3059 1004 3138 Β,
1022 3057 1063 3137 Γ,
1086 3060 1122 3118 Δ

175 3235 201 3284 3.
219 3223 237 3299 ἢ
256 3225 392 3300 ἤχθωσαν
410 3249 437 3300 p.
524 3231 587 3301 τού]
606 3227 659 3298 γάρ
678 3229 729 3284 τοῦ
748 3229 808 3299 Bp3
828 3228 869 3291 εἴς
885 3224 936 3283 τόν
954 3229 984 3283 Β.
1068 3224 1121 3282 κύ·

104 3303 172 3356 κλον
190 3299 221 3355 Β.
293 3297 358 3372 δύο]
379 3318 432 3358 om.
451 3300 537 3370 BVp.
611 3306 635 3357 ὅ.
656 3301 721 3372 ΔΑ]
741 3317 810 3355 corr.
831 3297 1067 3355 oxPAm.1F.

106 3375 129 3426 7.
149 3365 205 3441 ἄρα
237 3387 290 3426 om.
310 3371 366 3442 Bp.
453 3378 477 3427 8.
498 3368 586 3442 ἐστίν]
605 3371 640 3437 Β;
660 3388 750 3440 comp.
768 3390 800 3441 ηις
820 3365 882 3426 ἐστί
896 3368 986 3426 PVB.
1076 3374 1120 3424 10.

96 3434 178 3495 ἐστίν
218 3457 337 3515 ,comp
357 3461 386 3515 p.
458 3450 498 3499 12.
519 3437 595 3514 ἐστί]
614 3436 689 3497 ἐστίν
706 3443 736 3498 P.
812 3447 853 3496 13.
872 3441 1030 3564 γωνίαηῖω.
1047 3446 1064 3494 2
1082 3440 1120 3496 V.

82 3514 128 3568 10.
150 3505 249 3587 ἐστίν]
267 3513 298 3586 Ρ,
318 3532 415 3589 comp.
436 3535 469 3590 ης
490 3511 550 3574 ἐστί
566 3512 660 3570 ΒΝ.
742 3518 788 3567 xz.
804 3508 947 3581 θραχοω,
991 3554 998 3565 .
1069 3512 1122 3566 δο-
