2356 3818
97 153 140 218 64
474 153 676 206 ΣΤΟῙΧΕΙΩΝ
694 148 736 206 α’.

96 295 194 382 γωνω
223 303 299 363 ἴσον
328 298 432 381 ἐστίν,
460 297 515 363 καὶ
546 299 584 363 αί
604 294 717 363 λοιπαὶ
740 299 860 381 γωνίαι
883 307 956 373 ταῖς
979 300 1111 374 λοιπαῖς

95 408 233 490 γωνίαις
261 410 331 470 ἴσαι
359 407 521 488 ἔσονται,
539 400 598 488 ὑφ’
629 399 669 481 ἃς
695 402 733 468 αί
763 408 834 467 ἴσαι
860 401 999 490 πλευραὶ
1030 398 1110 469 ὑπο-

95 514 276 577 τείνουσιν·
292 498 355 596 Ιἴση
380 506 446 596 ίίρα
468 505 490 595 ἡ
513 506 579 576 ὑπὸ
598 513 699 576 ΗΓΒ
722 513 829 594 γωνία
852 511 891 595 vy}
914 503 981 574 ὑπὸ
1001 513 1110 576 ΔΖἘ.

96 613 180 683 ἀλλὰ
208 612 230 702 ἡ
257 613 322 683 ὑπὸ
353 622 457 682 ΑΖΒ
481 619 521 704 vy}
546 611 611 684 ὑπὸ
637 619 731 681 ΒΓΑ
753 610 925 682 ὑπόκειται
948 620 1017 700 ἴση·
1055 614 1110 681 καλ

60 719 115 808 by}
139 720 204 790 ὑπὸ
229 726 335 789 ΒΓΗ
354 719 419 811 ἄρα
441 725 480 810 vy}
505 718 571 790 ὑπὸ
591 727 685 790 ΒΓΑ
708 728 763 807 ἴση
788 723 889 805 ἐστίν,
913 717 934 806 ἡ
958 719 1110 788 ἐλάσσων

94 833 134 916 vy}
159 835 300 915 μείζονι·
329 825 410 915 ὅπερ
435 826 614 896 ἀδύνατον.
660 824 722 895 οὐκ
745 826 811 915 ἄρα
835 825 952 906 ἄνισός
976 829 1065 894 ἐστιν
1088 824 1110 913 ἡ

95 943 161 1003 ΑΒ
184 939 224 1024 vy}
249 942 325 1002 AE.
351 942 406 1020 ἴση
430 933 505 1022 ι’ίρα.
530 939 597 1002 ἔστι
622 933 737 1002 δὲκαὶ
760 930 781 1021 ἡ
805 936 928 1021 ΒΓτῇ
953 939 1015 1000 ΒΖ
1039 941 1108 1019 ἴση·

96 1041 158 1110 δύο
184 1040 225 1128 δὴ
255 1043 292 1107 αἴ
316 1048 393 1124 ΑΒ,
427 1046 492 1107 ΒΓ
516 1041 593 1107 ὃυσῖ
620 1053 693 1119 ταῖς
721 1047 803 1126 ΔΒ,
838 1047 900 1107 ΕΖ
931 1047 1001 1106 ἴσαι
1024 1041 1110 1108 είσῖν

96 1149 232 1235 ἑκατέρα
252 1148 396 1236 ἑκατέρᾳ·
420 1147 475 1213 καὶ
494 1151 600 1232 γωνία
621 1142 642 1231 ἡ
661 1143 726 1213 ὑπὸ
746 1154 778 1212 Α
784 1149 966 1236 ΒΓγωνίηι
984 1149 1023 1234 vy}
1043 1143 1109 1216 ὑπὸ

45 1268 78 1317 10
98 1260 199 1321 ΔΕΖ
226 1255 316 1322 ἐστιν
347 1260 416 1340 ἴση·
440 1251 538 1338 βάσις
560 1255 625 1340 ίίρα
648 1248 669 1338 y}
693 1258 761 1320 ΑΓ
780 1251 877 1338 βάσει
898 1257 938 1339 vy}
963 1259 1029 1319 ΛΖ
1053 1260 1108 1339 ἴση

95 1363 198 1446 ἐστίν,
226 1361 281 1427 καῖ
305 1357 403 1445 λοιπὴ
427 1363 533 1446 γωνία
561 1356 581 1446 ἡ
605 1355 672 1426 ὑπὸ
695 1363 798 1426 ΒΑΓ
816 1362 855 1447 vy}
880 1362 979 1447 λοιπῇ
1003 1363 1110 1448 γωνίᾳ

94 1470 133 1553 τῇ
156 1463 223 1534 ὑπὸ
248 1472 350 1532 ΕΔΖ
374 1473 429 1553 ἴση
455 1467 554 1534 ἐστίν.

159 1568 256 1640 Ἀλλίι
285 1571 327 1659 δὴ
354 1571 456 1639 πάλιν
484 1576 633 1640 ἔστωσαν
657 1574 694 1639 αἴ
717 1569 784 1639 ὑπὸ
808 1570 867 1650 τὰς
890 1579 964 1650 ἴσας
986 1577 1111 1657 γωνίας

94 1679 234 1766 πλευραὶ
263 1677 502 1748 ὑποτείνουσαι
525 1685 610 1764 ἴσαι,
635 1676 679 1758 ως
702 1675 722 1765 ἡ
747 1685 811 1746 ΑΒ
841 1681 881 1764 vy}
907 1685 940 1744 Δ
946 1686 986 1745 Ε·
1024 1679 1108 1764 λέγω

44 1798 76 1847 15
95 1784 207 1872 πάλιν,
232 1783 283 1854 ὅτι
305 1784 361 1852 καὶ
381 1788 418 1853 αἴ
432 1785 544 1853 λοιπαῖ
564 1784 703 1869 πλευραὶ
722 1798 794 1864 ταῖς
808 1791 938 1864 λοιπαῖς
952 1792 1110 1873 πλευραῖς

95 1899 164 1959 ἴσαι
197 1897 345 1977 ἔσονται,
377 1890 398 1979 ἡ
429 1891 490 1979 μὲν
519 1898 587 1960 ΑΓ
609 1895 649 1979 vy}
678 1897 759 1976 AZ,
787 1886 808 1977 v}
833 1889 870 1958 δὲ
899 1897 965 1957 ΒΓ
983 1895 1022 1978 vy}
1047 1899 1109 1958 ΕΖ

93 2000 149 2066 καὶ
180 2003 227 2066 ἔτι
255 1997 275 2086 ἡ
304 1996 403 2084 λοιπὴ
431 2003 538 2085 γωνία
561 1995 581 2086 ἡ
605 1993 671 2065 ὑπὸ
696 2001 799 2063 ΒΑΓ
816 2000 856 2085 vy}
880 2000 978 2086 λοιπῇ
1002 2002 1110 2087 γωνία

95 2109 133 2191 vy}
159 2103 223 2172 ὑπὸ
249 2113 349 2173 ΕΛΖ
373 2113 428 2192 ἴση
453 2107 553 2174 ἐστίν.

161 2214 205 2277 Εἴ
231 2208 295 2298 γὰρ
327 2210 444 2290 ἄνισός
474 2213 563 2279 ἐστιν
596 2208 617 2296 ἡ
652 2215 717 2277 ΒΓ
741 2213 780 2298 vy}
806 2216 886 2293 EZ,
913 2215 973 2295 μία
997 2207 1108 2277 αὐτῶν

41 2332 76 2381 20
95 2320 214 2400 μείζων
229 2316 340 2384 ’ἐστίν
387 2322 469 2385 ἴστω
499 2324 633 2403 μείζων,
665 2320 695 2384 εί
718 2312 922 2401 δυνατόυ,ἡ
955 2320 1028 2400 ΒΓ,
1052 2316 1107 2382 καὶ

92 2427 218 2489 κείσθω
242 2426 281 2511 vy}
306 2429 369 2490 EZ
392 2431 446 2510 ἴση
471 2420 491 2509 ἡ
515 2430 588 2509 ΒΘ,
612 2423 667 2490 καὶ
691 2425 875 2510 ἐπεζεύχθω
898 2417 920 2507 ἡ
940 2427 1013 2488 ΑΘ.
1051 2422 1108 2488 καῖ

94 2528 163 2595 ἐπεὶ
196 2535 251 2614 ἴση
280 2529 369 2597 ἐστὶν
397 2527 418 2616 ἡ
447 2529 508 2615 μὲν
531 2536 596 2595 ΒΘ
617 2533 657 2617 vy}
682 2526 786 2617 EZy}
815 2527 853 2595 δὲ
875 2534 941 2611 ΑΒ
964 2531 1003 2616 vy}
1029 2535 1108 2613 AE,

95 2633 158 2702 δύο
192 2633 233 2721 δὴ
267 2638 304 2702 αί
329 2642 410 2720 ΑΒ,
439 2642 501 2704 ΒΘ
529 2636 607 2703 δυσὶ
635 2649 706 2715 ταῖς
730 2643 811 2721 ΔΕ,
840 2641 902 2702 ΕΖ
926 2642 995 2702 ἴσαι
1022 2635 1107 2702 είσὶν

94 2740 231 2827 ἑκατέρα
255 2742 405 2831 ἑκατέρη·
433 2741 487 2808 καὶ
511 2748 636 2827 γωνίας
659 2749 733 2819 ἴσας
755 2742 979 2829 περιέχουσιν·
1009 2739 1106 2826 βάσις

41 2864 76 2913 25
95 2845 160 2931 ἄρα
184 2844 204 2933 ἡ
229 2855 295 2914 ΑΘ
317 2847 414 2933 βάσει
435 2853 475 2936 vy}
492 2857 525 2915 Δ
533 2855 560 2914 Ζ
584 2857 639 2933 ἴση
665 2849 765 2932 ἐστίν,
788 2846 845 2914 ναὶ
862 2845 901 2914 τὸ
922 2854 1021 2915 ΑΒΘ
1038 2850 1104 2930 τρί-

93 2979 206 3039 γωνον
234 2957 279 3046 τῷ
309 2962 409 3021 ΔΕΖ
436 2953 587 3047 τριγώνῳ
617 2962 693 3022 ἴσον
717 2955 823 3039 ἐστίν,
855 2953 911 3020 καῖ
935 2958 973 3020 αἴ
994 2951 1107 3020 λοιπαὶ

93 3064 214 3144 γωνίαι
241 3073 313 3139 ταῖς
341 3068 470 3141 λοιπαῖς
496 3067 634 3146 γωνίαις
656 3068 727 3127 ἴσαι
750 3063 895 3144 ἔσονται,
923 3056 983 3145 ὑφ’
1010 3055 1049 3137 ἃς
1073 3061 1110 3123 αἴ

94 3174 165 3232 ἴσαι
186 3167 326 3253 πλευραὶ
345 3163 596 3235 ὑποτείνουσιν·
622 3174 676 3252 ἴση
697 3164 763 3254 ἄρα
782 3165 873 3233 ἐστὶν
892 3161 992 3251 ηὑπὸ
1008 3171 1108 3231 ΒΘΑ

94 3275 200 3357 γωνία
222 3276 262 3360 vy}
285 3269 352 3342 ὑπὸ
368 3281 478 3341 ΕΖΔ.
519 3270 606 3340 οἷλλίι
630 3269 651 3358 ἡ
671 3270 736 3340 ὑπὸ
754 3277 855 3339 ΕΖΔ
873 3275 912 3360 vy}
932 3268 997 3339 ὑπὸ
1014 3275 1109 3338 ΒΓΑ

165 3438 189 3486 1.
210 3428 298 3504 ἐστίν]
317 3432 378 3500 PF3
406 3449 494 3502 comp.
515 3433 570 3500 bp;
596 3428 656 3486 ἐστί
672 3432 708 3498 Β;
729 3429 806 3486 ἔσται
825 3431 859 3487 V.
950 3436 974 3485 2.
996 3427 1108 3485 ἔσονται

82 3497 212 3567 ἔιιατερα
228 3498 355 3576 ἐκατέργι
374 3504 405 3558 V.
517 3510 541 3556 4.
573 3498 602 3575 ἡ]
623 3517 706 3573 supra
725 3502 758 3556 V.
851 3501 946 3572 ΔΖΕ]
967 3501 1051 3554 ΔΕΖ
1069 3499 1108 3565 F3
