2356 3818
93 162 159 228 194
333 139 337 144 ’
475 166 676 219 nmmum
693 160 732 235 γ’.

90 302 175 389 πρὸς
198 302 306 391 ὀρθὰς
328 302 485 394 ἀχθεῖσαι
508 309 546 374 αλ
566 313 643 393 ΚΓ,
670 313 751 375 ΑΜ
769 306 967 394 διήχθωσαν
990 307 1045 376 ἐπὶ
1065 305 1106 374 τὰ

92 419 134 496 Α,
158 418 191 478 Ε
211 424 340 499 σημεῖα.
899 454 905 465 .

156 515 245 587 Ἐπεὶ
278 510 341 588 οὖν
373 521 410 587 έν
437 518 563 610 κύκλφ·
577 522 624 607 τῷ
647 526 752 588 ΑΒΓ
775 517 893 588 εύθεῑύ
919 545 970 600 τις
997 517 1019 607 ή
1043 521 1111 589 ΑΓ
1139 579 1145 589 .

91 621 232 692 εὐθεῖάν
259 651 336 693 τινα
362 624 425 711 τήν
452 632 519 692 ΒΘ
545 629 623 713 δίχα
648 626 705 693 καλ
732 624 816 715 πρὸς
848 623 956 714 ὀρθὰς
983 627 1107 713 τέμνει,

55 731 144 798 δέπλ
170 735 230 818 τής
250 737 321 799 ΑΓ
343 729 410 817 ἄρα
438 731 506 799 ἐστὶ
533 728 571 798 τὸ
602 732 743 820 κέντρον
764 736 826 801 τοῦ
849 739 952 801 ΑΒΓ
969 730 1107 801 κύκλου.

89 836 204 922 πάλιν,
237 837 309 904 ἐπεὶ
337 838 373 905 έν
400 835 511 929 κύκλφ
541 840 587 929 τῷ
611 835 701 928 αὐτῷ
725 841 770 929 τῷ
794 844 898 906 ΑΒΓ
915 836 1035 906 εύθεϊύ
1058 864 1108 919 τις

91 940 111 1029 ή
139 944 209 1019 ΝΞ
237 940 376 1011 εύθεῐύυ
403 970 479 1012 τινα
510 941 572 1030 τήν
600 949 675 1010 ΒΗ
697 946 774 1030 δίχα
801 943 858 1011 καλ
885 943 970 1033 πρὸς
996 943 1107 1033 ὀρθὰς

89 1051 214 1136 τέμνει,
248 1047 301 1116 ἐπὶ
329 1052 387 1135 τής
409 1051 479 1125 ΝΞ
504 1047 569 1136 ἄρα
594 1049 663 1116 έστλ
689 1047 728 1117 τὸ
756 1050 897 1139 κέντρον
918 1055 981 1119 τού
1004 1056 1110 1119 ΑΒΓ

89 1154 224 1222 κύκλου.
271 1156 406 1241 ἐδείχθη
431 1154 546 1222 δὲκαὶ
570 1155 622 1223 ἐπὶ
646 1160 706 1243 τής
727 1161 802 1242 ΑΓ,
825 1156 881 1224 καὶ
903 1154 976 1223 κατ’
1003 1153 1107 1225 οὐδὲν

38 1276 70 1325 10
90 1258 342 1346 συμβάλλουσιν
365 1263 403 1326 αἱ
423 1267 499 1347 ΑΓ,
523 1268 562 1329 Ν
562 1264 593 1338 Ξ
613 1260 744 1331 εὐθεῖαι
767 1259 788 1348 ή
811 1260 895 1330 κατὰ
917 1261 955 1330 τὸ
982 1269 1028 1330 0·
1065 1262 1104 1332 τὸ

92 1372 120 1432 0
143 1364 209 1453 ἄρα
232 1378 370 1452 σημεῖον
388 1368 529 1454 κέντρον
548 1370 617 1436 ἐστὶ
634 1373 695 1438 τοῦ
710 1376 814 1438 ΑΒΓ
821 1369 956 1437 κύκλου.
980 1365 1107 1455 ὁμοίως

90 1470 131 1561 δὴ
161 1473 327 1559 δείξομεν,
358 1471 409 1540 ὅτι
435 1473 574 1549 καὶτοῦ
599 1482 698 1542 ΔΕΖ
721 1473 847 1543 κύκλου
870 1475 1010 1562 κέντρον
1034 1473 1106 1541 έστὶ

88 1575 126 1645 τὸ
159 1585 204 1644 0·
247 1577 310 1646 δύο
344 1577 410 1667 ἄρα
448 1578 580 1648 κύκλων
611 1578 804 1667 τεμνόντων
837 1577 1002 1667 ἀλλήλους
1034 1583 1103 1648 τῶν

88 1690 200 1770 ΑΒΓ,
227 1692 327 1752 ΔΕΖ
349 1683 387 1753 τὸ
412 1683 495 1753 αὐτό
520 1688 587 1754 ἐστι
610 1687 750 1776 κέντρον
777 1683 814 1753 τὸ
840 1692 885 1751 0·
909 1683 991 1775 ὅπερ
1013 1685 1105 1755 ἐστὶν

38 1806 71 1853 15
91 1786 272 1859 ἀδύνατον.

159 1895 231 1965 Ούκ
258 1895 324 1983 ἄρα
354 1895 475 1976 κύκλος
497 1899 622 1966 κύκλου
644 1899 755 1984 τέμνει
778 1896 860 1966 κατὰ
884 1902 1023 1966 πλείονα
1048 1917 1106 1984 ση-

89 2017 165 2088 μεῖα
190 1997 210 2088 ή
236 2002 317 2072 δύο·
342 1999 424 2088 ὅπερ
448 2007 516 2071 ἔδει
540 2004 653 2084 δεῖξαι.

569 2224 630 2265 ια.

154 2316 242 2387 Ἐὰν
276 2320 350 2388 δύο
379 2320 518 2389 κύκλοι
552 2322 801 2407 ἐφάπτωνται
830 2319 1011 2407 ἀλλήλων
1042 2325 1104 2390 έν-

35 2439 69 2488 20
87 2424 169 2510 τός,
202 2425 270 2492 καὶ
307 2431 442 2513 ληφθῇ
482 2423 610 2494 αὐτῶν
638 2424 683 2493 τὰ
716 2428 874 2513 κέντρα,
911 2424 932 2513 ή
963 2428 1023 2496 ἐπὶ
1057 2427 1103 2495 τὰ

87 2533 232 2618 κέντρα
262 2528 392 2599 αὐτῶν
426 2533 733 2617 ἐπιζευγνυμένη
766 2529 905 2600 εὐθεῖα
941 2533 1005 2599 καλ
1044 2535 1105 2601 έκ-

88 2637 312 2723 βαλλομένη
342 2635 404 2704 έπλ
431 2633 501 2721 τήν
531 2634 714 2724 συναφην
737 2651 913 2704 πεσειται
936 2641 1013 2706 τῶν
1036 2637 1104 2706 κύ-

86 2750 199 2811 κλων.

158 2847 232 2916 Δύο
257 2845 321 2936 γὰρ
352 2847 493 2917 κύκλοι
503 2852 537 2917 οἱ
558 2856 672 2936 ΑΒΓ,
705 2858 812 2917 ΑΔΕ
838 2851 1104 2937 ἐφαπτέσθωσαν

13 2968 69 3016 ,25
89 2951 246 3039 ἀλλήλων
270 2953 364 3035 ἐντὸς
386 2982 468 3023 κατα
492 2954 529 3024 τὸ
553 2966 585 3023 Α
609 2970 762 3044 σημειον,
785 2956 895 3023 καλέ
864 2955 1017 3044 εἰλήφθω
1040 2961 1104 3026 τοῦ

163 3149 1104 3252 1ΚΓ,ΑΜ]Ιίλλ.ΓΛ1αυαε.ω.2Γ;ΚΛ,ΓΜ7,εε(1

89 3238 159 3276 corr.
179 3229 254 3276 ml.
299 3227 371 3290 2
400 3227 422 3275 Α
430 3221 613 3293 E]1nras
632 3239 663 3290 μς
683 3222 750 3287 ΛΕ,
771 3222 875 3275 HAP
969 3222 1103 3296 3.τῷ]ο

88 3308 158 3346 corr.
177 3293 203 3346 V
222 3310 258 3346 m.
274 3299 298 3348 2
385 3297 411 3346 4.
431 3294 503 3378 δίχα
514 3311 544 3346 τε
553 3291 648 3378 BVp.
726 3292 803 3378 καί]
811 3308 947 3378 nuptam.
963 3290 1028 3347 21³.

89 3368 112 3417 7.
134 3365 199 3448 δίχα
218 3362 315 3451 τέμνει
332 3361 380 3418 καὶ
399 3359 470 3430 πρὸς
488 3357 624 3432 ὀρθύςρ.
696 3357 803 3416 Ante’
790 3382 804 3416 ο
807 3359 880 3432 ρθοὶς
898 3380 950 3418 ras.
972 3361 1102 3420 llitth

124 3439 149 3488 8.
169 3429 201 3488 ιό
221 3435 338 3503 κέντρον
359 3429 419 3489 ἔστί
421 3434 521 3519 BVp.
611 3439 636 3487 9.
655 3434 723 3520 καί]
741 3434 839 3521 (prius)
857 3452 893 3488 m.
905 3435 974 3489 27.
1059 3440 1101 3489 10.

61 3497 1064 3601 ενθεαήοιιαρ.ή]Ρ,Γω.1;αλληλαιςήΒ7ρ,7ω.2.
