2356 3818
337 186 612 239 ELEMENTORUM
630 185 739 237 LIBER
757 186 807 236 111.
1023 181 1088 245 241

144 329 194 396 Sit
217 331 313 396 datus
337 352 431 397 arens
445 337 477 395 Α
483 335 516 395 Δ
522 333 559 395 Β.
590 331 721 414 oportet
738 327 839 413 igitur
858 348 967 392 aruum
983 332 1015 391 A
1021 330 1087 392 AB

75 440 112 504 in
135 438 215 505 duaa
238 441 353 522 partes·
373 437 526 522 aequales
550 457 666 501 secare.

147 1038 283 1103 ducatur
302 1042 367 1103 AB
387 1040 420 1101 et
441 1036 580 1100 induas
602 1039 712 1119 partes
736 1036 886 1118 aequales
911 1039 1037 1102 secetur
1057 1037 1093 1101 in

78 1149 110 1212 Γ
131 1146 170 1230 [1,
196 1146 264 1229 10],
288 1147 321 1210 et
348 1167 369 1209 a
390 1147 511 1228 punoto
535 1145 568 1207 Γ
587 1143 627 1209 ad
650 1145 771 1208 restam
794 1147 858 1206 AB
881 1142 1092 1228 perpendicu-

78 1253 157 1317 laris
181 1250 317 1317 dueatur
340 1253 411 1334 ΓΔ,
434 1254 467 1315 et
490 1251 647 1315 ducantur
670 1253 750 1334 ΑΛ,
774 1253 851 1315 ΔΒ.
881 1252 914 1314 et
938 1251 1093 1334 quoniam

79 1362 201 1424 Ar=
216 1361 290 1440 ΓΒ,
323 1360 356 1422 et
386 1357 565 1421 communis
594 1360 644 1421 eat
671 1359 747 1440 ΓΔ,
779 1357 860 1421 duae
888 1360 995 1422 reatae
1019 1359 1094 1441 ΑΓ,

80 1469 144 1529 ΓΔ
161 1464 286 1528 duabus
311 1464 384 1546 ΒΓ,
405 1465 468 1526 ΓΔ
492 1462 642 1546 aequales
666 1464 755 1546 sunt3
779 1466 813 1526 et

280 1581 303 1616 ο
423 1570 565 1644 [ΑΓΛ
580 1597 621 1620 =
636 1570 750 1651 arm

82 1697 159 1739 nam
197 1678 331 1761 uterque
367 1680 475 1741 neotus
509 1677 567 1740 est.
612 1674 722 1758 itaque
750 1678 821 1738 ΑΔ
836 1703 878 1726 =
894 1677 960 1738 AB
992 1674 1030 1757 [l‚
1048 1676 1095 1757 4].

83 1803 196 1848 uerum
219 1783 370 1867 aequales
388 1786 496 1847 reatae
519 1782 670 1867 aequales
695 1794 788 1846 arens
808 1779 1004 1845 abscindunt
1027 1802 1094 1844 ma·

82 1890 186 1954 iorem
208 1887 325 1953 maiori
348 1887 507 1953 minorem
530 1890 639 1951 autem
662 1886 780 1951 minori
804 1888 910 1969 [prop.
928 1884 1095 1967 XXVIII].

82 1999 116 2059 et
147 1999 282 2079 uterque
317 2013 410 2058 arous
441 1999 473 2058 Α
480 2000 526 2077 Δ,
566 1997 633 2058 ΛΒ
666 1993 772 2058 minor
803 1994 853 2057 est
884 1991 1097 2058 semicirculo.

82 2102 192 2186 itaque
216 2122 278 2165 aro.
302 2104 373 2164 ΑΔ
388 2129 429 2152 =
446 2103 522 2163 ΔΒ.

150 2206 241 2291 Ergo
270 2204 365 2269 datus
396 2226 489 2270 araus
519 2205 555 2268 in
578 2204 658 2269 duas
682 2207 791 2287 partes
814 2205 965 2288 aequales
988 2208 1095 2272 sectus

83 2314 190 2379 estin
213 2313 334 2396 punoto
358 2315 404 2395 Δ;
428 2310 513 2395 quod
536 2311 709 2395 oportebat
731 2310 811 2376 fieri.

532 2449 649 2517 XXXI.

150 2575 191 2641 In
222 2576 343 2643 eireulo
376 2576 516 2659 angulus
544 2577 578 2641 in
605 2575 808 2642 semiciroulo
834 2578 960 2661 positus
989 2582 1096 2644 reatus

86 2688 146 2768 est,
168 2685 224 2768 qui
248 2686 356 2748 autem
379 2682 413 2748 in
436 2685 603 2767 segmento
623 2683 745 2747 maiore
763 2683 889 2767 positus
909 2689 967 2768 est,
989 2684 1097 2751 minor

84 2793 187 2875 reolo,
224 2791 279 2874 qui
312 2791 421 2854 autem
453 2790 488 2854 in
520 2791 688 2873 segmento
722 2789 848 2854 minore
879 2791 1005 2874 positus
1039 2793 1098 2875 est,

87 2895 191 2960 maior
216 2897 320 2979 neoto,
352 2899 385 2961 et
411 2898 579 2980 praeterea
606 2895 745 2980 angulus
774 2897 932 2981 segmenti
963 2896 1096 2963 maioris

88 3001 191 3066 maior
206 3003 256 3064 est
269 3003 366 3084 reato,
385 2999 522 3066 minoris
540 3003 646 3065 autem
663 3002 824 3088 segmenti
838 3003 977 3088 angulus
992 3002 1099 3068 minor

87 3109 185 3172 reato.

87 3245 142 3284 raa
161 3246 197 3283 m.
213 3226 277 3282 lP.
351 3233 392 3282 12.
412 3223 572 3286 ἔλάτονιΡ.
645 3225 787 3298 ἑκατέρων
770 3249 832 3297 vm
908 3250 945 3284 τω
924 3230 1012 3301 eivs]
996 3249 1100 3298 τουφ.

89 3300 154 3370 ΑΒ]
174 3316 227 3355 om.
245 3298 277 3353 F
342 3306 385 3354 14.
403 3298 497 3386 ΑΒ]
488 3317 519 3354 un
536 3317 591 3356 ras
601 3301 634 3357 V
703 3320 767 3369 περι
758 3301 883 3383 ιφερεία]
903 3318 956 3356 om.
971 3301 1001 3366 V,
1020 3318 1099 3370 περι-

88 3369 258 3456 φέρειανφ.
336 3376 377 3426 15.
404 3365 602 3442 ]inras.V.
676 3378 718 3427 16
736 3391 785 3426 πο
775 3342 1027 3442 σα]δεξιΡ

90 3449 131 3497 17.
151 3436 199 3510 ly
217 3439 248 3496 F.
335 3389 596 3581 lauthpostras.
617 3441 708 3497 llitt.
725 3441 759 3496 V.
845 3447 925 3509 224
926 3441 1115 3555 masalma

88 3513 122 3568 V.
194 3517 238 3567 23.
257 3507 359 3586 ὀρθῆς]
370 3485 440 3569 ‘Pn
477 3513 538 3569 nalo
558 3507 734 3584 essessa
750 3462 948 3581 semiesum

136 3613 178 3652 ns
184 3611 278 3654 oens
267 3612 625 3668 massmannus
891 3597 935 3643 Ἃ)
