2356 3818
107 163 171 230 170
483 163 743 235 Συοιεειεειγ.

104 313 187 376 έστω
210 305 248 376 τὸ
273 316 321 396 Δ,
349 308 404 376 καὶ
429 307 681 396 ἐπεζεύχθωσαν
704 311 741 374 αί
762 316 848 395 ΔΑ,
877 315 961 396 ΔΒ,
988 308 1044 376 καὶ
1068 313 1119 378 δι-

104 414 200 502 ήχθω
223 412 244 501 ἡ
269 422 378 483 ΔΖΕ.

168 519 257 590 Ἐπεὶ
285 515 349 590 οὖν
376 530 431 608 ίση
461 521 551 590 ἐστὶν
577 519 599 608 ἡ
623 529 696 590 ΔΑ
718 525 757 610 τῇ
782 529 865 608 ΔΒ,
893 530 948 609 ίση
972 519 1039 610 ίίριι
1061 522 1118 589 καὶ

103 633 210 714 γωνία
233 625 253 714 ἡ
277 625 343 696 ὑπὸ
364 634 471 696 ΔΑΕ
486 631 527 716 τῇ
551 625 616 695 ὑπὸ
637 635 754 697 ΔΒΕ·
777 627 831 695 καὶ
857 628 926 696 ἐπεὶ
948 626 1119 715 τριγώνου

67 747 84 797 5
101 737 164 801 τοῦ
183 741 290 801 ΔΛΕ
305 739 364 820 μία
382 731 508 821 πλευρὰ
527 735 808 823 προσεκβέβληται
826 732 847 822 ἡ
862 742 974 820 ΑΕΒ,
997 741 1119 822 μείζων

102 837 168 927 ἄρα
191 835 212 926 ἡ
235 836 301 907 ὑπὸ
321 845 422 908 ΔΕΒ
444 845 553 925 γωνία
575 843 633 926 τῆς
656 836 722 907 ὑπὸ
739 847 853 909 ΔΑΕ.
878 849 933 927 ίση
954 840 991 910 δὲ
1009 838 1030 928 ἡ
1049 838 1117 910 ὑπὸ

102 952 210 1014 ΔΑΕ
233 950 273 1035 τῇ
302 943 368 1014 ὑπὸ
392 953 514 1013 ΔΒΕ·
551 952 671 1032 μείζων
698 944 765 1036 ἄρα
792 944 812 1034 ἡ
841 944 907 1016 ὑπὸ
932 954 1033 1015 ΔΕΒ
1057 952 1118 1037 της

101 1050 167 1120 ὑπὸ
183 1059 295 1120 ΔΒΕ.
317 1050 383 1120 ὑπὸ
401 1051 515 1139 δὲτὴν
528 1059 663 1139 μείζονα
676 1060 805 1140 γωνίαν
819 1051 840 1142 ἡ
855 1060 976 1141 μείζων
989 1054 1117 1145 πλευρὰ

101 1155 285 1227 ὑποτείνει·
320 1163 439 1244 μείζων
463 1156 529 1245 ἄρα
552 1155 572 1245 ἡ
597 1166 664 1227 ΛΒ
681 1162 740 1246 τῆς
763 1167 839 1228 ΔΕ.
863 1169 918 1247 ίση
943 1160 981 1229 δὲ
1003 1157 1023 1247 ἡ
1049 1169 1116 1229 ΔΒ

51 1278 83 1327 10
101 1268 140 1351 τῇ
165 1271 238 1332 ΛΖ.
285 1269 404 1349 μείζων
432 1261 499 1351 ίίρα
527 1260 547 1350 ἡ
572 1271 638 1331 ΔΖ
665 1269 724 1349 τῆς
746 1272 816 1332 ΛΕ
844 1263 865 1352 ἡ
890 1265 1034 1335 έίοίττων
1058 1272 1117 1355 τῆς

101 1375 267 1456 μείζονος·
303 1367 384 1457 ὅπερ
408 1370 498 1437 ἐστὶν
521 1367 701 1439 ἀδύνατον.
748 1370 809 1439 οὐκ
832 1370 898 1461 ἄρα
920 1369 941 1459 ἡ
965 1370 1030 1440 ἀπὸ
1054 1376 1116 1442 τοῦ

100 1484 133 1541 Α
155 1476 208 1543 ἐπὶ
231 1475 268 1543 τὸ
292 1483 321 1543 Β
345 1478 602 1563 ἐπιζευγνυμένη
626 1474 745 1545 εὐθεῖα
769 1477 862 1558 ἐκτὸς
884 1492 1030 1546 πεσεῖται
1053 1483 1115 1548 τοῦ

99 1581 233 1650 κύκλου.
272 1580 395 1669 ὁμοίως
417 1581 460 1669 δὴ
485 1585 651 1669 δείξομεν,
676 1581 727 1651 ὅτι
751 1582 831 1652 οὐδὲ
854 1583 905 1652 ἐπ’
931 1582 1034 1673 αὐτῆς
1056 1590 1115 1673 τῆς

100 1694 328 1776 περιφερείας·
356 1688 451 1768 έντὸς
474 1688 549 1778 ἄρα.
658 1752 662 1759 .

48 1808 81 1857 15
164 1793 242 1863 Ἐὰν
270 1793 335 1882 ἄρα
362 1795 489 1863 κύκλου
517 1795 569 1863 ἐπὶ
596 1800 654 1882 τῆς
677 1802 888 1885 περιφερείας
906 1802 1024 1887 ληφθῇ
1048 1797 1111 1866 δύο

98 1900 241 1988 τυχόντα
260 1915 390 1987 σημεῖα,
415 1899 435 1987 ἡ
455 1901 507 1970 ἐπὶ
525 1900 566 1968 τὰ
586 1916 705 1989 σημεῖα
720 1905 976 1990 ἐπιζευγνυμένη
994 1902 1113 1972 εὐθεῖα

100 2006 192 2087 ἐντὸς
215 2021 361 2076 πεσεῖται
384 2011 445 2075 τοῦ
468 2007 608 2076 κύκλου·
641 2005 722 2097 ὅπερ
746 2012 814 2075 ἔδει
834 2012 947 2090 δείξαι.

583 2229 628 2288 γ.

163 2322 250 2393 Ἐὰν
279 2329 320 2394 έν
347 2326 479 2416 κύκλῳ
506 2324 645 2395 εὐθεῖά
675 2353 736 2408 τις
759 2327 824 2394 διὰ
847 2332 918 2396 τοῦ
941 2329 1116 2417 κέντρον

47 2447 82 2496 20
101 2428 266 2499 εὐθεῖάν
294 2459 382 2500 τινα
410 2458 459 2518 μη
487 2431 552 2498 διὰ
583 2436 653 2500 τοῦ
676 2435 845 2521 κέντρον
869 2438 959 2520 δίχα
981 2434 1116 2525 τέμνῃ,

98 2537 163 2603 καὶ
196 2535 292 2625 πρὸς
324 2535 451 2626 ὀρθὰς
483 2533 606 2623 αὐτὴν
638 2540 786 2625 τέμνει·
827 2540 892 2606 καὶ
920 2540 988 2607 ἐὰν
1015 2539 1116 2629 πρὸς

100 2640 227 2730 ὀρθὰς
250 2640 377 2730 αὐτὴν
400 2644 537 2732 τέμνη,
559 2644 623 2711 καὶ
648 2649 738 2732 δίχα
762 2643 887 2732 αὐτὴν
910 2646 1052 2733 τέμνει.

156 2747 264 2817 Ἔστω
288 2748 408 2827 κύκλος
432 2746 450 2816 ὁ
469 2755 576 2833 ΑΒΓ,
599 2750 654 2816 καὶ
678 2752 715 2818 έν
739 2749 829 2844 αὐτῷ
849 2749 967 2819 εὐθεῖά
986 2777 1036 2832 τις
1055 2753 1115 2822 διὰ

98 2859 160 2922 τοῦ
182 2855 322 2943 κέντρον
345 2852 366 2941 ἡ
390 2861 452 2923 ΓΔ
476 2853 616 2924 εὐθεῖάν
639 2880 714 2923 τινα
738 2853 782 2942 μὴ
807 2855 863 2924 διὰ
887 2860 949 2924 τοῦ
971 2858 1117 2947 κέντρου

171 3090 194 3139 1.
215 3084 280 3155 ΔΑ]
300 3089 356 3138 ΑΔ
373 3083 406 3138 V.
481 3091 505 3138 ε.
527 3087 621 3157 ΔΖΕ]
641 3084 948 3154 PBp;vm.1;Az
968 3082 1015 3142 ἐπὶ
1033 3085 1066 3142 ιὰ
1089 3094 1115 3144 Ε

98 3155 124 3208 V
143 3161 224 3222 τινας
248 3154 277 3207 in
296 3156 316 3208 F
336 3157 401 3225 post
420 3159 472 3209 ΔΖ
491 3172 560 3211 eras.
581 3159 605 3209 E
624 3151 769 3211 είέιιίτό
789 3173 942 3225 suprascr.
962 3165 1039 3214 ιαμ.

99 3233 123 3281 3.
145 3224 207 3280 ἐπεὶ
226 3217 290 3297 οὖν]
309 3226 357 3280 καὶ
377 3221 444 3281 έπεί
457 3226 487 3282 Ρ,
525 3233 550 3280 4.
569 3221 587 3294 ἡ
606 3229 695 3294 γωνία
714 3221 731 3316 vj
751 3227 781 3281 P.
837 3224 986 3300 τριγώνου]
1007 3229 1039 3284 in
1056 3247 1115 3290 ras.

99 3314 189 3367 comp.
208 3316 244 3352 m.
261 3305 276 3351 2
296 3298 329 3352 V.
425 3302 450 3351 5.
468 3297 562 3367 ΑΕΒ]
581 3298 644 3366 ΡΒ,
663 3315 683 3366 p
702 3299 730 3366 (η
750 3304 785 3351 A·
804 3299 833 3352 in
851 3301 930 3369 ras.);
948 3303 1006 3368 ,ER
1027 3317 1116 3372 supra

99 3385 149 3421 scr.
171 3373 191 3420 A
210 3387 246 3423 m.
262 3375 278 3422 2
297 3369 332 3437 Ἐς
351 3371 404 3421 ΑΕ
423 3363 470 3422 ἐπὶ
488 3363 519 3421 τὸ
540 3373 561 3421 Β
581 3368 606 3420 V
625 3383 640 3421 e
659 3385 729 3422 corr.
813 3375 853 3424 10.
873 3370 920 3441 τῇ]
939 3370 988 3438 τῆς
1006 3371 1037 3426 F.

90 3434 153 3501 ἄρα
169 3440 225 3490 καί
234 3457 265 3507 p.
341 3444 382 3493 13,
403 3434 452 3510 δή]
473 3454 540 3493 corr.
562 3455 595 3493 ex
614 3438 647 3493 δέ
666 3446 734 3493 m.2
754 3439 787 3494 V.
881 3445 921 3495 14.
940 3437 997 3511 ἄρα
1016 3452 1116 3500 πεσεῖ-

77 3521 128 3556 ται
144 3504 175 3560 P.
257 3513 299 3565 15.
321 3504 432 3565 κύκλου
452 3504 510 3582 ἄρα
529 3529 557 3583 p.
640 3516 684 3567 143.
704 3517 806 3580 σημεῖα
823 3507 944 3580 τυηὸντα
959 3529 990 3579 ρ.
1062 3511 1117 3588 τά]
