2356 3818
83 158 150 225 292
468 157 670 210 nomn
688 151 727 211 α’.

85 301 250 392 διαμέτρῳ
273 301 335 367 τού
358 297 485 368 κύκλου
503 298 591 389 ’πρὸς
614 297 721 390 ὀρθὰς
743 295 799 367 ἄπ’
825 294 931 386 ἄκρας
953 291 1104 381 ἀγομένη
1167 266 1170 367 ἶ

85 405 181 488 ἐντὸς
203 419 350 475 πεσείται
367 410 429 473 τού
447 404 590 474 κύκλου·
615 404 697 496 ὅπερ
715 404 844 475 ἄτοπον
862 403 1011 489 ἐδείχθη.
1044 395 1105 468 ούκ

86 512 154 601 ἄρα
176 510 195 581 ὁ
219 515 345 604 κέντρῳ
368 516 416 606 τῷ
438 519 478 580 H
496 513 694 599 διαστήματι
716 511 755 580 δέ
777 512 829 580 ἑνὶ
851 512 920 578 τοῖν
943 515 985 595 Β,
1008 514 1049 594 Ζ,
1067 513 1105 592 Θ,

87 625 122 688 K
143 619 264 699 κύκλος
286 617 499 707 γραφόμενος
525 631 618 705 τεμεί
642 617 703 699 τὰς
731 624 808 702 ΑΒ,
831 620 904 703 ΒΓ,
927 619 1002 698 ΓΔ,
1037 619 1106 680 ΔΑ

52 723 232 804 οεύδείας.
279 723 441 811 ἐφάψεται
477 721 545 811 ἄρα
581 722 693 792 αὐτῶν
724 723 780 791 καὶ
810 725 901 789 ἔσται
924 720 1105 808 ἐγγεγραμ-

90 831 191 918 μένος
213 835 261 911 είς
282 828 320 898 τὸ
345 835 479 898 ΑΒΓΔ
501 828 722 916 τετράγωνον.

156 941 216 1016 Είς
238 935 304 1024 ἄρα
327 935 365 1004 τὸ
389 935 496 1004 δοθὲν
508 935 721 1024 τετράγωνον
734 932 856 1015 κύκλος
871 932 1105 1021 ἐγγέγραπται·

89 1041 171 1130 ὅπερ
195 1047 263 1110 ἔδει
286 1045 431 1128 ποιῆσαι.

574 1218 625 1287 θ’.

38 1355 71 1405 10
157 1341 256 1428 Περὶ
292 1339 335 1410 τὸ
373 1341 497 1410 δοθὲν
535 1341 789 1430 τετρύγωνον
818 1338 968 1410 κύκλον
1000 1360 1107 1426 περι-

95 1447 252 1536 γράψων
615 1467 618 1471 ’

149 1552 257 1621 Ἔστω
285 1551 323 1622 τὸ
353 1555 459 1623 δοθὲν
490 1554 702 1642 τετράγωνον
734 1554 772 1622 τὸ
801 1558 953 1621 ΑΒΓΔ·
992 1555 1047 1619 δεῖ
1067 1546 1107 1635 δὴ

91 1659 166 1746 περὶ
189 1659 227 1728 τὸ
250 1642 384 1727 ΑΒΓΔ
405 1659 617 1747 τετράγωνον
640 1659 765 1727 κύκλον
787 1657 1001 1746 περιγράψαι.

155 1762 417 1852 Ἐπιζευχθεῖσαι
449 1763 514 1852 γὰρ
542 1768 580 1832 αί
606 1773 637 1833 Α
644 1771 687 1851 Γ,
722 1771 791 1833 ΒΔ
819 1765 1031 1852 τεμνέτωσαν
1055 1758 1108 1830 ἆλ-

40 1900 74 1950 15
93 1870 195 1958 λήλας
217 1867 300 1938 κατὰ
323 1869 360 1939 τὸ
385 1878 423 1940 E.

160 1977 228 2045 Καὶ
261 1977 330 2045 ἐπεὶ
363 1985 418 2064 ίση
452 1977 543 2046 ἐστὶν
573 1974 593 2063 ἡ
623 1985 694 2044 ΔΑ
721 1979 761 2065 τῇ
791 1983 873 2063 ΑΒ,
904 1973 1003 2061 κοινὴ
1028 1969 1111 2059 δὲὴ

93 2090 174 2169 ΑΓ,
205 2082 268 2151 δύο
302 2083 344 2170 δὴ
374 2087 411 2151 αί
432 2090 517 2170 ΔΑ,
548 2089 617 2151 ΑΓ
636 2082 714 2151 δυσὶ
737 2095 809 2162 ταῖς
836 2089 920 2167 ΒΑ,
953 2087 1022 2149 ΑΓ
1042 2089 1112 2148 ίσαι

95 2193 193 2256 είσίν·
214 2189 269 2256 καὶ
287 2189 385 2275 βύσις
403 2188 423 2277 ἡ
442 2196 514 2258 ΔΓ
527 2189 624 2276 βάσει
641 2198 682 2278 τῇ
702 2194 768 2256 ΒΓ
783 2197 856 2274 ἴση
880 2193 988 2274 γωνία
1010 2183 1113 2276 ἅραὴ

94 2291 161 2362 ὑπὸ
181 2300 288 2362 ΔΑΓ
304 2300 411 2385 γωνίᾳ
433 2299 472 2383 τῇ
496 2293 562 2363 ὑπὸ
583 2299 686 2363 ΒΑΓ
701 2302 756 2381 ίση
781 2296 889 2361 ἐστίν·
912 2289 934 2377 ύ,
959 2290 1027 2380 ἄρα
1045 2289 1113 2359 ύπό

44 2431 78 2480 20
99 2407 203 2467 ΔΑΒ
228 2405 336 2485 γωνία
359 2405 437 2486 δίχα
459 2401 613 2486 τέτμηται
635 2398 701 2468 ὑπὸ
724 2403 784 2486 τῆς
806 2405 878 2468 ΑΓ.
923 2395 1048 2485 ὁμοίως
1072 2396 1113 2484 δὴ

97 2506 259 2591 δείξομεν,
283 2502 334 2572 ὅτι
357 2505 413 2572 καὶ
440 2503 561 2592 ἑκάστη
584 2510 652 2574 τῶν
677 2503 744 2575 ὑπὸ
759 2511 870 2592 ΑΒΓ,
889 2510 996 2590 ΒΓΔ,
1015 2509 1116 2572 ΓΔΑ

98 2616 174 2698 δίχα
200 2612 353 2697 τέτμηται
380 2609 446 2679 ὑπὸ
470 2614 538 2679 τῶν
561 2618 640 2697 ΑΓ,
673 2620 739 2680 ΔΒ
763 2600 918 2683 εὐθειῶν.
963 2611 1020 2677 καὶ
1044 2611 1115 2679 ἐπεὶ

98 2726 153 2802 ἴση
188 2716 278 2784 ἐστὶν
309 2713 330 2802 ἡ
365 2713 431 2786 ὑπὸ
460 2724 567 2785 ΔΑΒ
598 2723 707 2806 γωνία
738 2722 779 2805 τῇ
812 2714 877 2785 ὑπὸ
911 2722 1026 2802 ΑΒΓ,
1059 2722 1119 2784 καί

99 2824 168 2890 ἐστι
199 2826 258 2908 τῆς
289 2822 351 2908 μὲν
383 2820 448 2891 ὑπὸ
474 2830 576 2891 ΔΑΒ
603 2822 737 2911 ἡμίσεια
764 2821 784 2910 ἡ
816 2820 883 2891 ὑπὸ
908 2829 1025 2908 ΕΑΒ,
1057 2827 1117 2909 τῆς

169 3005 194 3055 2.
215 2994 345 3071 ἐδείχθη]
364 3000 426 3067 PF3
447 3018 501 3056 om.
520 3001 606 3072 BVp.
688 3008 712 3057 3.
731 2999 838 3070 κέντρα
857 2998 910 3071 μέν
928 3001 959 3056 Ρ.
1047 3003 1117 3067 ΗΕ,

100 3073 167 3138 Ην,
187 3073 258 3135 Ηο,
279 3075 338 3125 ΗΚ
364 3072 407 3127 ιε.
427 3071 511 3126 Banu.
601 3079 626 3127 4.
650 3072 719 3127 Post
741 3077 770 3127 K
790 3055 854 3127 ιω.
880 3073 1002 3142 mecm
1026 3071 1048 3124 ν
1081 3090 1118 3125 m.

99 3157 154 3196 reo.
221 3143 313 3213 τεμεῖ]
332 3142 393 3208 ΡΓ;
413 3140 609 3213 τέμνειΒλῙρ.
675 3144 741 3214 ΔΑ]
761 3147 814 3197 ΑΔ
832 3143 862 3197 P.
936 3141 1116 3196 6.ΑΒΓΡ.

101 3218 125 3268 7.
144 3208 250 3282 ἄρατὸ
270 3211 373 3283 δοθέν]
393 3214 427 3280 Ρ;
447 3209 478 3267 τὸ
498 3211 589 3268 δοθὲν
608 3209 664 3283 ἄρα
683 3215 780 3268 Theon
799 3213 933 3282 (BFVp).
1018 3219 1044 3267 9.
1063 3209 1115 3284 θ’]

101 3299 154 3338 om.
175 3303 211 3351 φ;
230 3280 264 3337 δ’
285 3285 315 3338 ολ
332 3284 388 3339 litt.
407 3284 525 3339 initialis
548 3286 647 3354 μοελεε
665 3285 729 3338 add.
747 3284 816 3351 inV‚
835 3284 916 3338 utin
935 3283 1119 3353 sequenffibus

101 3370 212 3424 semper
229 3355 295 3409 fere.
357 3360 398 3410 14.
419 3350 636 3424 ἐπιζευχθεῖσαι
654 3356 716 3425 Vp3
737 3351 941 3424 ἐπιζευχθῇσαι
961 3374 993 3422 φ.
1048 3355 1116 3426 ΒΔ]

174 3425 204 3479 Ρ.
284 3426 477 3497 wop,
557 3431 598 3480 16.
619 3427 685 3498 ΛΑ]
705 3431 758 3480 ΑΛ
776 3427 806 3480 ν.
887 3431 927 3481 18.
949 3425 1033 3497 scaev]
1053 3426 1121 3491 ντες

171 3494 258 3566 va,
296 3494 368 3552 Dein
386 3514 444 3568 mg.
456 3496 599 3554 invadd.
614 3492 735 3568 ἑκατέρα
755 3493 883 3570 ἑκατέρᾳ.
955 3496 1005 3551 καί
1024 3493 1118 3569 βάσις]
