2356 3818
107 151 174 217 314
490 151 691 206 ενοιαωιειει
709 146 747 206 ε’.

165 292 284 382 Ἤχθω
316 296 379 363 τοῦ
406 298 609 362 ΑΒΓΔΕΖ
635 293 762 364 κύκλον
791 293 967 382 διάμετρος
994 291 1015 381 ή
1041 302 1125 380 ΑΔ,

105 400 162 469 καὶ
192 400 345 489 είλήφθω
368 399 407 469 τὸ
430 401 571 489 κέντρον
593 405 654 471 τοῦ
677 400 803 470 κύκλον
825 399 864 469 τὸ
888 407 937 487 Η,
968 400 1025 468 καὶ
1049 402 1126 470 κε’ν-

106 532 174 600 τρῳ
197 507 259 595 μὲν
282 512 328 601 τῶ
343 517 377 576 Δ
400 505 597 595 διαστήματι
621 506 659 575 δὲ
680 517 726 600 τῷ
742 514 816 577 ΔΗ
836 505 958 586 κύκλος
976 507 1128 595 γεγράφ-

108 623 162 683 θω
191 612 209 683 ὁ
234 621 385 701 ΕΗΓΘ,
412 614 469 682 καὶ
493 615 735 702 ἐπιζευχθεῖσαι
758 615 796 681 αί
818 619 901 699 ΕΗ,
934 618 1007 680 ΓΗ
1030 612 1151 701 διήχ-·

70 729 226 790 οθωσαν
256 722 309 789 ἐπὶ
341 719 381 790 τοὶ
414 727 459 806 Β,
491 728 519 787 Ζ
547 732 682 807 σημεῖα,
719 720 775 787 καὶ
803 716 1059 806 ἐπεζεύχθωσαν
1089 723 1129 787 αλ

104 835 183 914 ΑΒ,
203 833 276 915 ΒΓ,
294 833 368 914 ΓΛ,
386 836 465 914 Λιι,
482 834 556 913 εκ,
571 835 652 895 zA·
676 827 773 913 λέγω,
793 825 844 895 ὅτι
866 826 903 894 ιὰ
919 829 1126 895 ΑΒΓΔΕΖ

33 927 40 939 ’
106 933 277 1020 ἑξάγωνον
300 932 502 1023 ίσόπλενρόν
524 935 562 1002 τέ
582 933 730 1003 ἐστικαὶ
754 933 959 1019 ίσογῶνιον,

171 1037 259 1109 Ἐπεὶ
277 1038 342 1127 γὰρ
354 1037 393 1110 τὸ
408 1047 447 1108 Η
456 1053 596 1127 σημεῖον
609 1040 750 1128 κέντρον
765 1040 833 1108 ἐστὶ
848 1043 909 1108 τοῦ
923 1045 1125 1108 ΑΒΓΔΕΖ

105 1144 242 1233 κύκλον,
268 1156 322 1234 ἴση
347 1145 438 1215 ἐστὶν
461 1142 482 1233 ή
506 1152 578 1213 ΗΕ
597 1150 637 1234 τή
662 1151 742 1213 ΗΔ.
788 1145 906 1233 πάλιν,
931 1145 1000 1214 ἐπεὶ
1022 1144 1063 1215 τό
1089 1155 1125 1215 Δ

55 1271 87 1320 10
107 1264 246 1339 σημεῖον
272 1253 413 1341 κέντρον
447 1251 516 1320 ἐστὶ
545 1254 607 1320 τοῦ
632 1257 734 1319 ΗΓΘ
765 1250 908 1337 κύκλον,
940 1261 996 1339 ίση
1031 1253 1125 1323 ἐστίν

104 1354 126 1444 ή
151 1365 222 1425 ΔΕ
242 1361 281 1446 τῇ
306 1363 387 1425 ΔΗ.
415 1354 489 1425 ἀλλ’
514 1353 536 1444 ἡ
559 1363 631 1425 ΗΕ
651 1361 691 1447 τή
714 1364 788 1425 ΗΔ
812 1360 947 1445 ἐδείχθη
969 1367 1043 1445 -ίσιγ
1066 1359 1125 1427 καὶ

104 1462 126 1551 ή
149 1471 222 1532 ΗΕ
246 1462 313 1553 ἄρα
340 1467 380 1554 τῇ
404 1471 473 1534 ΕΔ
500 1472 556 1551 ίση
585 1467 693 1533 ἐστίν·
736 1463 938 1553 ἰσόπλευρον
961 1462 1028 1552 ἄρα
1053 1466 1125 1533 ἐστὶ

104 1567 143 1638 τὸ
167 1577 275 1638 ΕΗΔ
300 1576 486 1659 τρίγωνον·
526 1570 582 1637 καὶ
612 1572 649 1637 αί
670 1584 758 1659 τρεῖς
780 1568 847 1657 ὀίρα
870 1567 977 1639 αὐτοῦ
1000 1576 1123 1656 γωνίαι
1145 1583 1162 1617 ·

105 1680 142 1745 αἱ
157 1674 224 1746 ὑπὸ
239 1684 358 1762 ΕΗΔ,
381 1683 500 1762 ΗΔΕ,
526 1682 636 1744 ΔΕΗ
647 1684 717 1744 ίσαι
735 1673 895 1762 ἀλλήλαις
914 1680 1012 1763 είσίν,
1037 1679 1123 1745 ἐπει-

52 1799 86 1849 15
106 1782 210 1873 δήπερ
235 1788 304 1852 τῶν
328 1787 510 1868 ἰσοσκελῶν
532 1782 707 1871 τριγώνων
731 1786 769 1851 αί
788 1783 872 1871 πρὸς
894 1788 934 1873 τή
947 1784 1045 1871 βάσει
1057 1811 1124 1872 γω-

104 1894 175 1958 νίαι
199 1898 268 1958 ίσαι
292 1887 452 1976 ἀλλήλαις
474 1892 580 1956 είσίν·
610 1894 670 1956 καί
690 1893 776 1957 είσιν
799 1891 837 1956 αί
858 1904 946 1977 τρεῖς
968 1895 1029 1961 τοῦ
1052 1916 1122 1979 τρι-

103 1995 219 2083 γῶνον
240 2001 360 2082 γωνίαι
394 1995 493 2063 δυσὶν
517 1992 639 2082 ὀρθαῖς
661 2003 748 2062 ίσαι·
789 1992 809 2079 ἡ
835 1993 901 2085 ἄρα
923 1993 988 2064 ὑπὸ
1013 2004 1123 2065 ΕΗΔ

103 2107 211 2189 γωνία
233 2108 347 2189 τρίτον
371 2101 440 2169 ἐστὶ
463 2105 525 2169 δύο
547 2098 672 2188 ὀρθῶν.
704 2098 826 2187 ὁμοίως
845 2102 887 2190 δή
907 2102 1121 2191 δειχθήσεται

103 2209 159 2275 καὶ
182 2205 203 2294 ή
226 2205 293 2277 ὑπὸ
318 2214 428 2276 ΔΗΓ
446 2213 559 2297 τρίτον
584 2206 647 2274 δύο
671 2205 799 2295 ὀρθῶν.
835 2207 891 2275 καὶ
915 2208 984 2276 ἐπεὶ
1008 2206 1029 2295 ή
1053 2216 1124 2278 ΓΗ

51 2333 85 2381 20
105 2313 223 2383 εὐθεῖα
252 2314 305 2382 ἐπὶ
332 2312 394 2400 τήν
417 2322 480 2382 ΕΒ
509 2323 671 2382 σταθεῖσα
693 2311 753 2392 τὰς
775 2315 892 2401 ἐφεξῆς
914 2320 1040 2401 γωνίας
1062 2315 1123 2396 τὰς

103 2419 169 2489 ὑπὸ
194 2425 307 2504 ΕΗΓ,
333 2425 434 2486 ΓΗΒ
458 2420 558 2487 δνσὶν
582 2417 703 2506 ὀρθαῖς
721 2427 796 2500 ίσας
817 2433 919 2506 ποιεῖ,
940 2420 996 2488 καὶ
1019 2421 1119 2509 λοιπή

104 2525 171 2613 ἄρα
200 2523 220 2613 ἡ
254 2522 318 2593 ὑπὸ
348 2530 447 2592 ΓΗΒ
480 2530 593 2619 τρίτον
622 2525 691 2592 ἐστὶ
719 2524 783 2593 δύο
812 2523 948 2614 ὀρθῶν·
990 2529 1028 2593 αί
1054 2527 1121 2614 ὀίρα

103 2630 169 2700 ὑπὸ
194 2637 312 2717 ΕΗΔ,
338 2636 454 2715 ΔΗΓ,
478 2635 578 2697 ΓΗΒ
601 2637 720 2716 γωνίαι
746 2639 815 2698 ίσαι
838 2628 997 2717 ιἰλλήλαις
1019 2637 1121 2702 εἰσίν·

105 2736 188 2806 ῶστε
225 2738 280 2805 καὶ
317 2739 355 2804 αί
384 2733 466 2803 κατὰ
498 2735 654 2823 κορυφὴν
686 2737 804 2817 αὐταῖς
835 2739 872 2804 αί
901 2734 967 2805 ὑπὸ
1001 2744 1121 2824 ΒΗΑ,

176 2939 200 2989 1.
220 2936 328 2986 ΑΒΓΔ
345 2929 377 2985 Β.
433 2931 621 3002 AA]e00rr.
641 2950 677 2985 m.
692 2948 746 2986 rec.
766 2929 795 2986 F.
869 2939 895 2986 2.
915 2933 960 3005 H]
980 2935 1044 3002 post
1062 2949 1117 2986 ras.

105 3002 194 3059 1lstt.
214 3002 242 3056 Γ.
281 3009 305 3058 3.
327 3002 364 3074 Δ]
383 3019 439 3057 non
456 3003 546 3071 liquess
563 3003 600 3058 ob
618 3017 672 3056 ras.
691 3002 721 3056 in
739 3002 769 3056 F.
816 3005 892 3074 ΔΗ]
913 3009 939 3057 Δ
958 3020 973 3058 ε
992 3019 1061 3058 corr.
1081 3021 1118 3057 m.

103 3092 158 3131 ree.
177 3075 207 3128 F.
298 3080 323 3127 4.
344 3075 475 3145 ΕΗΓΘ]
495 3090 510 3128 e
530 3089 599 3129 corr.
618 3091 654 3128 m.
675 3089 728 3128 rec.
748 3071 778 3128 F.
859 3069 1068 3144 ἐπιζευχθωσαι
1088 3075 1119 3161 Γ,

103 3163 173 3202 corr.
192 3164 229 3198 m.
246 3151 268 3198 1.
342 3150 366 3198 5.
387 3144 420 3216 Β]
440 3144 541 3198 intas.
560 3143 706 3201 ΜΝ.
781 3151 804 3200 6.
824 3144 893 3200 Post
910 3144 981 3214 λέγω
1001 3145 1065 3201 add.
1080 3147 1118 3214 δη

103 3216 264 3272 m-rec.F.
352 3219 376 3268 8.
395 3218 501 3268 ΑΒΓΔ
519 3213 575 3283 Bp.
648 3219 673 3269 9.
694 3213 825 3286 Δ]ΕΕ.
898 3217 1119 3287 10.ΗΓΘ]Ρ.;

104 3290 196 3343 ΗΘΚ
212 3287 247 3353 F;
267 3287 386 3342 ΕΗΓΘ
404 3285 494 3355 BVp;
513 3285 543 3339 in
561 3286 587 3341 V
606 3301 662 3352 seq.
682 3303 734 3340 ras.
753 3286 837 3340 llitt.
911 3291 952 3343 11.
974 3287 1041 3358 ΔΕ]
1061 3289 1120 3341 ΕΔ

104 3357 132 3412 F.
208 3358 283 3429 ΔΗ]
304 3360 365 3411 ΕΗ
381 3356 412 3411 Γ.
485 3351 556 3411 ῶλλοὶ
573 3356 604 3411 Ρ.
669 3353 967 3428 ’12.ὀι’ρα]ιω.2]ί.
1041 3353 1119 3413 ἐστιν

95 3430 144 3496 Am
168 3429 220 3520 Vfip,
298 3424 378 3557 ἐστί]
395 3423 470 3483 ἐστίν
489 3427 547 3484 PF.
622 3433 662 3482 15.
683 3424 856 3499 ίσοττλεύρων
875 3429 906 3496 F,
925 3428 974 3483 sed
993 3444 1061 3483 corr.

82 3495 136 3567 as]
153 3519 187 3554 αι
206 3507 285 3573 τρεῖς
303 3498 386 3558 αί.
484 3507 528 3558 16.
553 3497 640 3574 εἰσίν]
659 3497 766 3556 εἰσίἾ.
852 3499 901 3554 καὶ
918 3497 1117 3567 εἰσιν]οιω,Β
