2356 3818
96 179 160 244 158
472 181 674 234 Στοῐιιειαα
694 176 733 251 μ’.

586 349 649 408 ιγ.

158 425 218 496 Ἐν
250 441 333 508 τοῖς
366 427 604 514 ὀξυγωνίοις
634 427 846 517 τριγώνοις
873 425 916 496 τὸ
945 423 1020 495 ἀπὸ
1044 430 1116 514 τῆς

93 532 165 620 τὴν
194 530 326 616 ὀξεῖαν
354 531 826 621 γωνίαν-ὑποτεινούσης
854 537 1025 622 πλευρᾶς
1055 559 1116 600 τε-

93 639 300 727 τράγωνον
328 640 491 709 ἔλαττόν
520 643 603 709 ἐστι
630 644 707 710 τών
734 638 810 709 ἀπὸ
844 642 921 708 τών
953 637 1025 726 τὴν
1049 637 1116 721 ὀξ-

58 765 74 814 ο
94 758 181 815 εῑαν
199 753 350 833 γωνίαν
368 749 643 835 περιεχουσῶν
657 749 838 835 πλευρῶν
851 743 1117 854 τετραγώνων

93 857 143 946 τῷ
171 856 438 946 περιεχομένῳ
469 854 530 934 θὶς
552 851 629 922 ὑπό
653 877 693 921 τε
716 856 806 940 μιᾶς
828 857 905 922 τών
927 852 1016 942 περὶ
1039 849 1114 939 την

95 957 228 1041 ὀξεῖαν
256 966 421 1047 γωνίαν,
446 958 506 1046 ἐφ’
542 956 634 1047 ἣνὴ
664 959 835 1040 κάθετος
861 965 1008 1045 πίπτει,
1046 957 1114 1026 καὶ

93 1068 160 1153 τῆς
187 1064 572 1153 ἀπολαμβανομένης
600 1063 713 1146 ἐντός
743 1062 816 1134 ὑπὸ
846 1069 914 1152 τῆς
935 1065 1115 1134 καθέτου

93 1170 189 1260 πρὸς
211 1176 256 1261 τῇ
281 1169 391 1262 ὀξείᾳ
414 1177 549 1260 γωνίᾳ.

42 1295 74 1345 10
151 1276 259 1346 Ἔστω
293 1275 480 1363 ὀξυγώνιον
512 1283 679 1367 τρίγωνον
709 1276 747 1347 τό
772 1283 876 1346 ΑΒΓ
894 1275 1007 1359 ὀξεῖαν
1031 1282 1111 1367 ἔχον

93 1384 155 1473 τὴν
178 1383 263 1474 πρὸς
284 1388 330 1476 τῷ
349 1392 378 1452 Β
396 1389 536 1471 γωνίαν,
559 1384 615 1451 καὶ
638 1382 733 1472 ἔχθει
759 1381 825 1453 ἀπὸ
844 1388 907 1452 τοῦ
922 1394 956 1451 Α
969 1390 1113 1471 σημείου

93 1492 147 1561 ἐπὶ
173 1491 236 1579 τὴν
263 1497 330 1559 ΒΓ
352 1491 496 1571 κώθετος
524 1488 544 1579 ἡ
570 1500 658 1560 AA·
686 1493 787 1580 λέγω,
811 1490 862 1561 ὅτι
890 1488 928 1559 τὸ
958 1489 1022 1559 ἀπὸ
1051 1493 1113 1579 της

94 1603 163 1665 ΑΓ
180 1595 391 1687 τετράγωνον
414 1597 552 1665 ἔλαττόν
576 1599 644 1665 ἐστι
671 1602 740 1666 τών
763 1595 830 1666 ἀπὸ
853 1602 922 1666 τών
945 1603 1019 1683 ΓΒ,
1042 1603 1111 1663 ΒΑ

93 1703 310 1792 τετραγώνων
337 1707 382 1794 τῷ
414 1703 467 1782 θὶς
493 1700 559 1771 ὑπὸ
583 1707 651 1771 τών
678 1708 756 1789 ΓΒ,
789 1711 857 1771 BA
884 1704 1109 1792 περιεχομένῳ

42 1825 75 1874 15
95 1807 304 1900 ὀρθογωνίῳ.

156 1914 244 1984 Ἐπεὶ
268 1914 332 2004 γὰρ
357 1913 475 1983 εὐθεῖα
497 1913 599 2003 ἡΤΒ
617 1917 782 2002 τέτμηται,
808 1912 853 1995 ώς
875 1919 1002 2002 ἔτυχεν,
1024 1910 1109 1981 κατὰ

92 2020 129 2090 τὸ
151 2029 204 2108 A,
226 2020 268 2089 τὰ
290 2021 357 2111 ὀίρα
380 2020 447 2090 ἀπὸ
471 2025 539 2089 τών
557 2027 630 2106 ΓΒ,
655 2029 727 2089 BA
743 2021 936 2110 τετράγωνα
959 2029 1014 2088 ίσα
1039 2019 1109 2088 ἐστὶ

92 2131 137 2218 τῳ
161 2153 196 2194 τε
220 2129 271 2208 θὶς
293 2126 360 2196 ὑπὸ
383 2133 452 2196 τών
476 2132 548 2214 ΓΒ,
571 2135 640 2195 BA
658 2129 880 2219 περιεχομένῳ
905 2125 1109 2218 ὀρθογωνίῳ

92 2231 148 2298 καὶ
175 2236 221 2324 τῳ
250 2230 315 2301 ἀπὸ
343 2237 401 2320 τῆς
425 2238 496 2300 ΔΓ
513 2234 720 2326 τετραγώνῳ.
753 2232 871 2302 κοινὸν
893 2236 1112 2320 προσκείσθω
1146 2255 1149 2259 ·

40 2354 74 2404 20
93 2335 131 2406 τὸ
160 2335 225 2406 ἀπὸ
252 2343 311 2425 τῆς
335 2348 404 2406 ΔΑ
431 2338 659 2427 τετράγωνον·
696 2339 736 2407 τὰ
765 2338 832 2429 ε’ίρα
855 2337 920 2407 ἀπὸ
943 2343 1011 2407 τών
1034 2344 1111 2425 ΓΒ,
1154 2405 1160 2415 ,

93 2453 172 2531 BA,
188 2454 258 2513 AA
276 2445 467 2533 τετράγωνα
491 2454 547 2512 ίσα
570 2445 638 2514 ἐστὶ
661 2451 706 2540 τῷ
729 2473 764 2514 τε
788 2447 840 2526 θὶς
861 2444 927 2514 ὑπό
945 2449 1014 2513 τών
1038 2450 1113 2532 ΓΒ,

93 2559 162 2620 BA
189 2552 411 2643 περιεχομένῳ
440 2550 640 2644 ὀρθογωνίῳ
667 2553 724 2619 καὶ
749 2566 819 2633 τοῖς
842 2550 908 2620 ἆπό
932 2555 1000 2621 τών
1024 2560 1110 2638 ΑΔ,

93 2663 164 2725 ΔΓ
185 2658 413 2747 τετραγώνοις.
459 2655 544 2726 ἄλλα
574 2671 645 2738 τοϊς
668 2659 728 2745 μὲν
752 2655 817 2727 ἀπὸ
841 2662 910 2726 τών
933 2664 1013 2742 BA,
1037 2667 1112 2725 AA

93 2771 169 2833 ἴσον
196 2763 234 2832 τὸ
263 2762 329 2832 ιἰπό
357 2769 416 2851 τῆς
439 2772 523 2832 AB·
561 2762 649 2854 ὀρθὴ
677 2763 742 2853 γὰρ
766 2762 786 2852 ἡ
811 2763 895 2853 πρὸς
916 2769 962 2856 τῳ
987 2772 1021 2831 A
1044 2791 1109 2850 γω-

39 2886 73 2936 2⁶
92 2876 166 2961 νίῳ·
190 2884 260 2949 τοῖς
284 2869 322 2938 δὲ
345 2868 409 2938 ἀπὸ
433 2875 500 2940 τών
519 2880 600 2957 ΑΔ,
624 2877 694 2939 ΔΓ
714 2880 790 2939 ίσον
807 2870 846 2939 τό
865 2869 930 2939 ἀπὸ
950 2875 1009 2957 τῆς
1023 2877 1110 2938 ΑΓ·

91 2975 131 3044 τὰ
161 2975 227 3066 ἄρα
255 2974 320 3046 ἀπὸ
348 2980 416 3046 τών
440 2982 517 3062 ΓΒ,
549 2985 616 3045 BA
644 2987 700 3045 ίσα
729 2978 797 3046 ἐστὶ
824 2981 869 3072 τῷ
899 3002 934 3044 τε
958 2973 1023 3044 ἀπὸ
1048 2980 1110 3064 τῆς

93 3087 162 3150 ΑΓ
183 3082 238 3150 καὶ
266 3087 312 3175 τῳ
340 3084 392 3162 θὶς
419 3080 485 3150 ὑπὸ
513 3087 582 3151 τών
605 3089 680 3170 ΓΒ,
707 3089 776 3149 BA
784 3104 790 3116 ·
828 3080 913 3151 ώστε
936 3081 1044 3169 μόνον
1067 3081 1109 3152 τὸ

92 3188 158 3259 ἀπὸ
182 3194 240 3277 τῆς
263 3194 331 3257 ΑΓ
350 3188 487 3258 ἔλαττόν
511 3192 580 3257 ἐστι
601 3193 670 3256 τών
694 3186 760 3256 ἀπὸ
784 3193 852 3257 τών
876 3195 947 3274 ΓΒ,
973 3196 1039 3256 BA
1056 3215 1110 3258 τε-

92 3297 275 3385 τραγώνων
297 3299 344 3386 τῷ
368 3296 421 3376 θὶς
443 3292 508 3363 ὑπὸ
531 3298 600 3362 τών
619 3299 691 3380 ΓΒ,
715 3301 783 3361 BA
802 3295 1024 3386 περιεχομένῳ
1050 3292 1110 3385 ὀρ-

39 3419 74 3471 80
92 3408 262 3493 θογωνίῳ.

150 3531 174 3577 4,
195 3521 368 3582 ἔλασσονΓ.
447 3521 524 3582 ἐστιν
543 3523 577 3582 V.
653 3530 697 3580 1⁸2.
716 3524 1084 3595 BPXBessoumfzq.
