2356 3818
347 197 817 252 annuuuroauunmnam
1032 197 1098 264 243

150 336 199 402 Sit
222 338 361 404 circulus
377 343 522 424 ΑΒΓΔ,
546 342 721 409 diametrus
745 345 854 407 autem
878 342 946 408 eius
966 342 1009 409 sit
1026 345 1098 428 ΒΓ,

82 448 229 511 centrum
253 448 361 511 autem
383 449 428 530 E,
454 449 487 512 ct
510 447 668 514 ducantur
690 453 770 535 BA,
798 453 877 533 ΑΓ,
903 453 990 531 ΑΔ,
1022 453 1097 514 ΛΓ.

82 550 169 637 dico,
202 554 359 639 angulum
387 553 421 619 in
444 556 548 619 ΒΑΓ
570 556 772 623 semicirculo
795 557 939 641 positum
961 559 1124 630 [ΒΑΓ

356 701 394 758 Γ
508 663 633 727 rectum
657 685 743 747 esse,
765 663 821 747 qui
844 665 952 727 autem
974 662 1009 725 in
1029 682 1099 747 seg·

507 773 618 835 mento
642 772 746 834 ΑΒΓ
764 769 900 852 maiore,
928 790 1025 852 quam
1049 770 1100 832 est

507 875 737 958 semicirculus,
750 875 876 959 positus
890 879 950 959 cst,
969 876 1102 950 [ΑΒΓ

507 981 668 1046 minorem
702 985 806 1064 recto,
839 982 894 1066 qui
928 985 1036 1046 autem
1062 981 1098 1044 in

509 1089 676 1172 segmento
701 1089 809 1151 ΑΔΓ
831 1088 969 1170 minore,
999 1108 1097 1170 quam

508 1197 558 1259 est
601 1193 835 1278 semicirculus,
871 1194 997 1278 positus
1034 1196 1099 1277 est,

508 1301 652 1374 [ΑΔΓ
669 1299 824 1364 maiorem
848 1305 936 1366 recto
960 1320 1039 1366 esse.

148 1407 286 1472 ducatur
308 1409 389 1490 ΑΕ,
417 1408 450 1470 et
473 1406 627 1470 educatur
649 1409 717 1469 BA
740 1404 782 1470 ad
806 1411 841 1470 Z.
887 1411 920 1471 et
943 1406 1098 1492 quoniam

83 1517 149 1578 BE
162 1543 204 1567 =
218 1516 294 1597 EA,
317 1511 379 1576 crit
403 1510 503 1577 etiam
526 1514 665 1587 [ΑΒΕ
678 1541 720 1562 --
736 1514 842 1576 ΒΑΕ
864 1511 901 1596 [1,
916 1512 961 1593 5].
986 1533 1097 1576 rursus

84 1619 238 1705 quoniam
256 1621 321 1683 ΓΕ
334 1647 376 1671 =
390 1621 467 1701 EA,
491 1616 554 1681 erit
568 1617 668 1681 etiam
682 1623 704 1692 [
718 1619 820 1682 ΑΓΕ
832 1647 875 1670 =
889 1619 992 1683 ΓΑΕ.
1019 1637 1097 1702 crgo

84 1731 105 1800 [
120 1728 221 1790 ΒΑΓ
232 1755 274 1778 ==
289 1727 392 1790 ΑΒΓ
403 1725 444 1806 -[-
459 1727 567 1788 ΑΓΒ.
610 1745 729 1788 uerum
759 1722 858 1787 etiam
882 1724 1022 1806 angulus
1046 1744 1099 1788 ex·

84 1833 183 1898 terior
195 1831 352 1916 trianguli
366 1833 472 1913 ΑΒΓ,
486 1834 508 1906 [
524 1832 625 1894 ΖΑΓ
635 1859 678 1883 =
693 1831 795 1894 ΑΒΓ
806 1831 846 1910 -Ι-
863 1831 960 1892 ΑΓΒ
978 1828 1016 1912 [1,
1030 1829 1097 1910 32].

81 1939 191 2024 itaque
221 1939 361 2013 [ΒΑΓ
372 1967 415 1990 =
431 1938 537 2001 ΖΑΓ.
591 1939 699 2000 rectus
739 1935 840 2021 igitur
876 1939 926 1999 est
963 1937 1097 2019 uterque

84 2045 123 2130 [1,
145 2045 208 2111 def.
230 2045 294 2125 10].
333 2064 410 2129 ergo
434 2043 573 2128 angulus
596 2044 700 2106 ΒΑΓ
717 2042 751 2106 in
773 2041 975 2106 semicirculo
998 2043 1101 2104 ΒΑΓ

82 2153 213 2235 positus
236 2153 343 2215 rectus
366 2154 426 2214 est.
867 2150 869 2154 ’

151 2260 184 2322 et
202 2256 356 2340 quoniam
374 2249 533 2338 trianguli
547 2259 613 2319 AB
619 2253 724 2319 rduo
745 2255 858 2340 anguli
870 2256 978 2336 ΑΒΓ,
997 2255 1102 2319 ΒΑΓ

84 2364 210 2429 duobus
233 2363 331 2428 rectis
355 2361 497 2426 minores
521 2364 598 2425 sunt
622 2359 664 2443 [I,
688 2362 757 2445 17],
781 2365 813 2426 et
835 2362 972 2436 [ΒΑΓ
988 2362 1096 2425 rectus

81 2473 144 2554 est,
176 2472 321 2544 [ΑΒΓ
343 2468 451 2533 minor
477 2469 528 2531 est
549 2469 652 2550 recto,
685 2470 718 2533 et
741 2467 777 2531 in
800 2471 969 2552 segmento
997 2469 1101 2531 ΑΒΓ

83 2575 215 2660 maiore,
239 2597 336 2659 quam
360 2577 411 2640 est
435 2572 663 2656 semicirculus
686 2573 813 2658 positus
835 2577 897 2639 est.

147 2686 180 2747 et
210 2681 365 2767 quoniam
392 2679 428 2744 in
456 2679 575 2744 circulo
599 2678 852 2764 quadrilaterum
876 2685 926 2744 est
952 2682 1096 2762 ΑΒΓΔ,

81 2923 604 2995 BAE]P;EBABp,ecorr.FV.
696 2932 737 2980 12.
763 2926 829 2995 ΓΕ]
848 2925 883 2991 Ρ;
902 2929 955 2980 ΑΕ
973 2924 1099 2993 uvir

80 3011 133 3049 ras.
153 3002 234 3063 m.2;
253 2998 304 3050 EA
322 2995 379 3066 Bp.
466 2995 530 3070 EA]
550 2997 587 3062 P;
607 2996 736 3066 EFBp,
753 2997 783 3050 in
801 2997 1023 3052 raamauv.

80 3061 156 3120 ἐστίν
173 3064 233 3120 ΡΒ.
316 3067 382 3138 καί]
406 3084 453 3121 om
471 3067 501 3124 P.
574 3068 664 3136 ynula
686 3063 704 3136 ἡ
727 3066 780 3121 FV
800 3068 896 3137 (supra
913 3066 1003 3135 γωνία
1021 3066 1052 3120 in
1070 3066 1096 3120 V

79 3138 214 3206 tuaest).
303 3143 345 3191 13.
365 3137 663 3209 PAEJinras.m.2
683 3139 716 3196 V.
800 3143 841 3192 15.
860 3139 958 3208 ΑΒΓ]
980 3137 1098 3206 (altus

79 3207 109 3261 in
128 3225 181 3263 ras.
200 3225 236 3264 m.
254 3213 270 3262 2
288 3207 322 3262 V.
395 3209 579 3332 γωνίαιςὲιη.
595 3216 610 3263 2
629 3207 663 3263 V.
738 3215 779 3263 16.
800 3208 857 3279 lon]
873 3208 970 3278 (prius)
985 3214 1048 3263 m2
1064 3209 1095 3264 F.

81 3284 122 3333 17.
141 3281 226 3332 ΑΒΓ
240 3278 271 3334 P.
346 3284 387 3334 18.
408 3275 497 3350 ἔστιν]
544 3279 576 3344 Β,
596 3297 687 3348 comp.
703 3298 732 3348 p;
755 3276 814 3333 ἔστι
832 3279 892 3333 FV.
967 3285 1008 3335 19.
1029 3275 1094 3350 δύο]

79 3366 164 3420 supra
186 3349 249 3405 cdd.
273 3347 306 3404 ol
327 3368 364 3405 m.
381 3357 396 3404 1
416 3349 445 3406 F.
537 3356 579 3407 20.
599 3353 688 3419 ΑΒΓ,
707 3351 904 3474 ΒΑἿῚΑΒΓ
918 3349 949 3404 in
967 3350 1058 3420 spatio
1078 3358 1094 3406 6

77 3419 133 3475 litt.
153 3426 216 3476 m.2
230 3421 259 3478 F.
320 3417 471 3484 ἐλάσσονές
488 3420 550 3479 FV.
611 3427 653 3476 21.
672 3421 770 3492 ΒΑΓ]

817 3421 883 3488 FV3
907 3425 990 3475 ΒΑΓ
1005 3423 1100 3486 unul«

78 3491 135 3562 Bp.
209 3487 332 3548 ἐλάσσων
351 3493 385 3550 V.
1083 3510 1086 3515 ·

874 3619 934 3672 m*
