2356 3818
115 162 182 214 Vm
519 162 728 214 PRAEFATIO.

116 325 179 388 quc
203 308 294 388 sunt,
320 325 405 369 nunc
429 305 522 369 cdere
545 305 660 389 malui,
684 327 781 388 quam
805 328 886 390 opus
909 306 944 369 in
967 305 1129 371 infinitum

119 409 255 475 differre.
714 403 717 407 ’

182 512 232 580 Dc
256 516 393 582 consilio
416 538 488 583 meo
512 518 592 582 satis
616 518 747 582 dictum.
777 518 816 582 de
839 518 946 583 forma
969 539 1006 582 ac
1026 518 1131 601 specie

118 621 270 688 editionis
299 621 419 687 sufficit
445 644 713 721 commemorare,
742 623 876 688 eandem
904 645 956 688 me
985 628 1132 689 secutum

117 748 307 811 essequam
330 727 365 792 in
382 727 576 793 Archimede
600 728 733 794 edendo.
765 750 842 793 nam
865 752 1062 814 quamquam
1086 731 1132 794 ui·

117 835 246 918 dabam,
273 832 427 898 Latinam
455 835 759 920 interpretationem
786 857 893 900 meam
922 859 942 901 a
964 837 1130 901 nonnullis
1160 897 1168 904 ⁴.

115 940 304 1025 improbari,
327 943 437 1005 tamen
459 940 513 1006 hic
536 963 663 1025 quoque
687 940 840 1005 Latinam
862 941 1129 1027 Francogallicae

115 1045 339 1111 Germanaeue
362 1051 420 1111 aut
441 1047 523 1138 nulli
547 1047 701 1130 praetuli3
727 1066 804 1111 nam
827 1048 1129 1132 interpretationem

115 1152 337 1217 mathematici
354 1152 512 1236 flagitant,
537 1156 569 1216 et
582 1150 703 1216 Latina
722 1175 741 1216 a
760 1152 907 1237 pluribus
927 1153 993 1237 legi
1011 1156 1129 1234 potest.

114 1260 281 1340 praeterea
308 1278 360 1322 res
393 1258 484 1342 ipsae
511 1257 654 1323 tritiores
684 1257 918 1342 interpretandi
946 1257 1130 1322 molestiam

46 1350 49 1356 ‘
114 1362 268 1428 leuiorem
305 1363 445 1429 reddunt
480 1364 515 1427 in
552 1361 688 1428 Euclide
725 1385 823 1447 quam
859 1363 894 1427 in
926 1362 1130 1428 Archimede.

36 3634 47 3711 l

114 1471 210 1533 notas
242 1492 421 1555 perpaucas
454 1469 576 1555 addidi,
614 1470 691 1554 quia
722 1471 893 1555 perpaucis
925 1470 960 1533 in
992 1468 1128 1533 Euclide

115 1572 315 1641 discentibus
330 1576 512 1641 consulenti
532 1597 614 1659 opus
629 1579 692 1660 est,
706 1578 735 1640 si
749 1577 852 1641 solam
867 1575 1127 1660 inteIlegentiam

114 1680 286 1745 uerborum
318 1682 506 1765 tenorisque
539 1681 828 1747 demonstrationis
862 1684 998 1764 spectes.
1051 1701 1127 1744 nam

115 1789 395 1872 commentarium,
423 1788 513 1855 cuius
541 1786 594 1853 hic
619 1808 746 1872 quoque
769 1787 885 1872 ingens
909 1790 960 1850 est
984 1785 1129 1868 materia,
1167 1821 1170 1826 ·

115 1893 254 1958 scribere
285 1893 384 1958 nolui.
431 1896 546 1976 quarto
577 1893 739 1957 uolumini
769 1891 954 1975 copiosiora
982 1891 1129 1974 prolego-

114 2019 209 2064 mena
231 2000 492 2084 praemittentur,
518 2000 635 2084 quibus
659 1998 799 2063 historia
821 2001 929 2062 textus
954 1998 1130 2062 elemento-

115 2126 187 2169 rum
206 2106 432 2188 illustrabitur.
460 2106 572 2171 eodcm
598 2126 782 2191 congeram,
806 2104 950 2189 quae'de
975 2103 1129 2168 subsidiis

116 2210 332 2276 deterioribus
357 2212 487 2295 collegi3
519 2233 596 2276 nam
624 2211 866 2295 perspicuitatis
894 2231 992 2273 causa
1022 2230 1060 2272 ea
1088 2210 1129 2272 ab

117 2315 274 2400 adparatu
297 2317 409 2382 critico
433 2315 628 2381 removenda
653 2321 761 2399 crant,
787 2315 822 2377 in
850 2335 913 2397 qno
936 2313 976 2376 iis
1000 2316 1129 2377 tantum

113 2423 277 2489 codicibus
305 2445 382 2488 usus
411 2445 495 2506 sum,
529 2444 610 2505 quos
641 2442 739 2505 snpra
767 2419 1027 2483 commemoraui.
1073 2439 1128 2482 eos

112 2529 165 2594 his
188 2529 306 2593 litteris
330 2527 527 2615 significauit

112 2634 140 2700 P
163 2634 294 2699 —cod
317 2634 465 2700 Uatican.
494 2633 548 2698 Gr.
574 2633 639 2697 190
667 2629 823 2715 Peyrardi
851 2651 932 2694 saec.
955 2628 999 2712 Χ,
1032 2650 1129 2692 mem-

224 2741 315 2806 bran.
346 2739 400 2804 hic
423 2739 489 2804 illic
512 2761 628 2803 manus
652 2735 877 2802 recentissima
898 2734 1025 2798 litteras
1048 2741 1127 2797 tcm-

224 2867 302 2930 pore
331 2846 485 2911 euanidas
513 2843 699 2926 renouauit,
732 2863 828 2926 quam
851 2842 961 2905 littera
984 2860 1008 2904 rr
1031 2840 1128 2924 signi·

224 2952 328 3037 ficaui,
343 2952 398 3018 ubi
417 2974 533 3036 parum
552 2953 638 3015 recte
659 2949 853 3031 scripturam
873 2947 1041 3029 antiquam
1060 2947 1129 3009 red-

225 3057 299 3122 dere
321 3058 499 3123 uidebatur.
536 3057 637 3121 libros
662 3053 802 3119 lV-IX
824 3054 892 3138 ipsc
917 3052 1041 3117 contuli
1064 3050 1127 3114 Ro-

224 3186 295 3229 mae
323 3165 417 3249 1881,
439 3164 560 3228 librum
583 3161 616 3226 Π
640 3165 672 3227 ct
695 3164 821 3245 partem
845 3159 936 3224 tertii
959 3158 1127 3242 Mengius3

223 3270 365 3355 primum
398 3275 431 3335 et
461 3269 619 3354 reliquam
650 3271 778 3352 partem
804 3265 894 3330 tertii
920 3264 1127 3357 Augustus

224 3376 311 3442 Mau
335 3401 365 3443 u.
385 3378 413 3443 d.
437 3377 670 3441 beneuolentcr
694 3373 888 3439 conferenda
912 3370 1063 3454 suscepit

114 3484 143 3550 B
167 3522 206 3532 -
230 3484 296 3550 cod.
320 3482 488 3549 Bodleian.
510 3482 706 3548 Doruillian.
729 3480 802 3564 X,l
827 3479 883 3543 inf.
898 3478 929 3560 2,
945 3477 997 3560 30,
1022 3497 1080 3540 scr.
1100 3497 1126 3537 a.
