2356 3818
103 159 171 225 232
487 162 690 216 muman
705 159 747 231 ι’·

103 306 145 390 τῇ
172 301 259 389 πρὸς
282 308 330 393 τῷ
352 311 383 372 Θ
412 312 486 390 ίση·
522 303 620 390 βάσις
650 303 718 393 ἄρα
743 300 765 390 ἡ
788 306 854 371 ΒΓ
870 299 966 388 βάσει
986 301 1027 387 τῇ
1049 304 1112 365 ΕΖ

104 410 197 477 ἐστιν
219 417 286 497 ῖση.
320 410 377 478 καλ
400 410 470 478 έιελ
493 417 550 496 ἴση
573 409 666 477 ἐστίν
688 406 710 496 ἡ
731 409 816 497 πρὸς
831 410 877 500 τῷ
895 414 928 475 Α
944 410 1053 493 γωνία
1072 429 1113 492 τη

103 513 188 602 πρὸς
208 520 256 608 τῷ
275 524 321 602 Δ,
339 514 461 603 ὅμοιον
482 515 549 602 ἄρα
571 516 641 585 έστλ
662 515 701 585 τὸ
716 520 818 584 ΒΑΓ
825 518 936 602 τμῆμα
951 516 998 605 τῷ
1012 517 1114 580 ΕΔΖ

103 620 267 708 τμήματι·
288 627 349 690 καί
368 627 455 691 είσιν
477 623 531 690 έπλ
554 631 639 691 ῖσων
661 619 809 690 εύθειοῐν
830 624 910 706 [τῶν
931 624 1005 705 ΒΓ,
1018 622 1116 700 ΕΖΓ

69 727 145 794 στὰ
173 727 213 797 δὲ
238 729 293 796 ἐπὶ
321 737 405 796 ι’σων
432 726 580 797 εύθειῶν
607 724 707 815 ὅμοια
732 726 883 814 τμήματα
903 724 1037 794 κύκλων
1059 731 1116 791 ἴσα

104 830 264 921 ἀλλήλοις
285 837 395 903 ἐστίν·
432 842 509 903 ἴσον
531 833 659 921 ἄρατὸ
683 839 788 901 ΒΑΓ
803 836 913 920 τμῆμα
934 835 981 921 τῷ
1004 836 1117 900 ΕΔΖ.

105 945 175 1007 ἔστι
197 939 237 1009 δὲ
257 940 314 1007 καλ
337 938 417 1020 ὅλος
439 937 708 1019 ὁΑΒΓκύκλος
729 936 798 1029 ὅλφ
818 941 866 1031 τῷ
889 943 991 1004 ΔΕΖ
1003 936 1115 1027 κύκλφ

105 1054 191 1126 ίσος·
227 1047 327 1132 λοιπὴ
354 1044 422 1133 ἄρα
448 1043 470 1132 ἡ
493 1050 600 1113 ΒΚΓ
621 1045 815 1132 περιφέρεια
842 1048 883 1132 τῇ
906 1048 1005 1111 ΕΛΖ
1028 1065 1113 1129 περι·

106 1157 224 1240 φερεία
247 1152 339 1219 έστλν
362 1160 427 1238 ῖση.

54 1271 88 1320 10
172 1254 229 1323 Ἐν
251 1254 319 1342 ἄρα
340 1270 411 1337 τοῖς
429 1266 515 1338 ῖσοις
532 1256 669 1337 κύκλοις
687 1258 725 1324 αί
741 1264 811 1324 ίσαι
828 1261 948 1342 γωνίαι
966 1255 1021 1322 ἐπὶ
1034 1262 1120 1322 ι’σων

105 1365 327 1448 περιφερειῶν
349 1361 542 1449 βεβήκασιν,
567 1361 627 1431 έύν
650 1389 684 1430 τε
706 1359 790 1450 πρὸς
805 1375 876 1442 τοῖς
893 1362 1044 1448 κέντροις
1057 1358 1120 1427 έάν

104 1493 140 1534 τε
171 1464 255 1555 πρὸς
285 1481 358 1548 ταῖς
385 1474 597 1556 περιφερείας
625 1459 688 1537 ύσι
714 1474 902 1554 βεβηκυῖαι·
943 1464 1025 1553 ὅπερ
1049 1468 1122 1533 ἔδει

106 1574 221 1654 δεῖξαι.

577 1733 643 1815 κζ’.

54 1867 87 1916 15
170 1852 231 1922 Ἐν
264 1867 347 1933 τοῖς
383 1862 486 1936 ίσοις
519 1857 680 1936 κύκλοις
716 1860 759 1924 αί
789 1857 851 1925 έπλ
883 1864 980 1924 ίσων
1009 1879 1122 1943 περι-

106 1963 277 2047 φερειῶν
298 1965 509 2047 βεβηκυῖαι
526 1969 670 2048 γωνίαι
689 1970 772 2030 ίσαι
791 1960 980 2049 ἀλλήλαις
998 1965 1123 2051 είσίν,

107 2063 175 2133 έύν
207 2092 246 2133 τε
277 2064 375 2153 πρὸς
406 2080 489 2146 τοῖς
520 2070 701 2156 κέντροις
733 2066 804 2136 έοίν
833 2094 873 2135 τε
905 2066 1000 2152 πρὸς
1033 2082 1125 2148 ταῖς

106 2177 379 2258 περιφερείαις
402 2164 474 2241 οἶσι
497 2179 718 2263 βεβηκυῖαι.

170 2272 235 2343 Ἐν
257 2275 321 2363 γὰρ
345 2285 431 2358 ῖσοις
453 2279 589 2358 κύκλοις
610 2292 680 2358 τοῖς
703 2285 809 2364 ΑΒΓ,
834 2287 935 2347 ΔΕΖ
957 2280 1010 2347 ἐπὶ
1034 2288 1124 2348 ῖσων

53 2394 88 2443 20
106 2385 327 2467 περιφερειῶν
353 2386 422 2448 των
445 2390 523 2467 ΒΓ,
556 2392 618 2452 ΕΖ
645 2383 728 2468 πρὸς
750 2384 812 2470 μὲν
834 2399 904 2464 τοῖς
926 2391 971 2468 Η,
994 2393 1024 2453 Θ
1046 2387 1123 2455 κέν-

105 2511 198 2572 τροις
219 2490 338 2570 γωνίαι
361 2488 591 2572 βεβηκέτωσαν
615 2494 652 2557 αί
672 2487 737 2557 ὑπὸ
762 2497 873 2575 ΒΗΓ,
906 2498 1012 2576 ΕΘΖ,
1036 2491 1126 2580 πρὸς

107 2590 145 2658 δὲ
167 2603 240 2669 ταῖς
261 2598 487 2678 περιφερείαις
505 2597 542 2660 αί
562 2593 627 2664 ὑπὸ
651 2601 760 2680 ΒΑΓ,
793 2605 862 2662 ΕΔ
869 2604 912 2663 Ζ·
944 2599 1042 2683 λέγω,
1070 2596 1125 2667 ὅτι

106 2693 127 2781 ἡ
150 2695 212 2781 μὲν
235 2691 300 2763 ὑπὸ
320 2704 426 2765 ΒΗΓ
439 2705 545 2784 γωνία
568 2705 608 2789 τῇ
631 2698 698 2769 ὑπὸ
718 2709 812 2770 ΕΘΖ
835 2705 926 2770 ἐστιν
948 2710 1016 2789 ίση,
1039 2701 1062 2791 ἡ
1085 2703 1125 2772 δὲ

106 2797 173 2868 ὑπὸ
199 2807 302 2868 ΒΑΓ
319 2807 359 2891 τῇ
383 2800 450 2872 ὑπὸ
474 2812 576 2873 ΕΔΖ
599 2810 689 2875 ἐστιν
714 2815 777 2893 ίση.

177 2977 290 3033 XXVII.
309 2978 422 3034 Boetius
440 2999 467 3049 p.
484 2987 544 3050 388,
554 2988 580 3040 5.

179 3143 202 3194 1.
220 3137 272 3211 τῷ]
294 3135 326 3192 τό
345 3139 375 3194 Β.
449 3141 508 3212 ἴση]
527 3140 590 3208 PV,
608 3143 630 3196 F
648 3159 684 3196 m.
702 3149 729 3209 13
754 3138 829 3198 ἐστιν
849 3145 894 3211 ἴση
912 3143 972 3212 Bp3
995 3145 1043 3213 ἴση
1065 3142 1133 3202 έστί

104 3207 220 3263 Fm.2.
295 3215 320 3264 2.
339 3210 391 3281 τῶ]
411 3206 442 3264 τό
461 3210 493 3266 Β.
565 3219 590 3268 3.
613 3213 663 3286 τῷ]
684 3213 783 3282 (prius)
800 3212 833 3268 τύ
853 3214 884 3268 Β.
957 3209 1033 3269 έστίν
1053 3216 1087 3271 Ρ.

107 3285 131 3332 4.
150 3280 207 3334 τῶν
226 3283 287 3352 ΒΓ,
306 3264 370 3351 ΕΖ]
389 3299 445 3350 mg.
465 3299 502 3337 m.
520 3298 575 3337 rec.
595 3283 625 3338 P.
716 3289 741 3338 5.
760 3280 795 3338 τὰ
816 3282 849 3338 δέ
860 3315 893 3324 -
905 3279 1043 3356 εὐθειῶν]
1065 3307 1127 3359 mg.

104 3366 141 3404 m.
158 3357 172 3404 1
192 3351 222 3405 P.
314 3358 338 3406 6.
358 3352 454 3422 ΒΑΓ]
474 3351 529 3407 Βῖῖ.
549 3356 598 3405 ΒΑ
617 3369 633 3408 ο
652 3370 721 3409 corr.
740 3373 768 3424 p.
857 3354 909 3425 τῷ]
929 3356 967 3409 τῶ
987 3371 1047 3424 seq.
1068 3375 1129 3417 ras.

107 3419 196 3474 1litt.
214 3420 245 3472 F.
318 3423 413 3493 ΕΔΖ]
433 3424 531 3477 mutat.
551 3424 581 3477 in
600 3426 683 3476 ΕΖΔ
701 3431 769 3479 ω.2
789 3427 822 3479 V.
897 3431 920 3479 7.
942 3421 1017 3479 ἐστίν
1040 3429 1104 3485 ΡΒ.

94 3486 199 3555 ΔΕΖ]
221 3491 250 3539 Ε
269 3489 367 3546 insert.
392 3511 429 3550 m.
446 3499 460 3548 1
478 3493 515 3564 1¹²3
549 3496 631 3548 ΕΔΖ
651 3493 716 3564 Bm
749 3499 831 3549 ΔΕΖ
850 3514 908 3564 mg.
925 3502 993 3549 m.2
1014 3497 1048 3551 V.
