2356 3818
80 166 147 232 242
464 163 721 236 Συοωωιουγ.

138 306 248 377 Ἕστω
271 307 393 390 κύκλος
416 307 434 377 ὁ
455 316 599 395 ΑΒΓΔ,
623 308 860 397 θιύμετροςθὲ
882 305 991 377 αύτοῦ
1012 310 1098 376 ἔστω

80 413 102 504 ἡ
126 422 208 502 ΒΓ,
240 398 382 504 κέντρον
405 416 443 484 δὲ
465 414 504 484 τὸ
529 423 574 500 Ε,
603 416 660 482 καὶ
684 415 936 504 ἐπεζεύχθωσαν
960 414 999 481 αί
1019 416 1098 499 BA,

80 529 162 609 ΑΓ,
185 531 272 609 ΑΛ,
297 529 379 591 ΔΓ·
421 523 522 610 λέγω,
550 521 603 590 ὅτι
630 520 651 608 ἡ
679 522 741 609 μὲν
771 523 809 590 ἐν
830 526 876 615 τῷ
900 526 1004 591 ΒΑΓ
1022 517 1098 607 ἡμι-

80 636 205 718 κυκλίῳ
233 634 341 717 γωνία
369 626 390 715 ἡ
417 625 484 698 ὑπὸ
510 635 614 697 ΒΑΓ
632 624 721 716 ὀρθή
745 630 851 714 ἐστιν,
882 625 903 716 ἡ
928 627 966 695 δὲ
990 629 1027 695 ἐν
1050 629 1097 716 τῷ

46 742 185 803 σΑΒΓ
213 741 338 822 μείζονι
368 739 430 804 τού
457 732 657 823 ἡμικυκλίου
684 732 827 821 τμήματι
854 737 961 821 γωνία
983 729 1005 818 ἡ
1028 728 1096 799 ύπό

82 847 186 909 ΑΒΓ
203 839 349 910 ἐλάττων
369 842 460 910 ἐστὶν
479 839 597 929 ὀρθῆς,
620 837 641 928 ἡ
661 841 699 910 δὲ
717 843 755 909 ἐν
772 843 935 931 τῷΑΛΓ
945 837 1099 908 ἐλάττονι

80 951 142 1015 τοῦ
172 944 371 1035 ἡμικυκλίου
399 946 544 1034 τμήματι
573 952 681 1033 γωνία
710 943 731 1033 ἡ
758 943 825 1014 ὑπὸ
849 951 957 1013 ΑΔΓ
975 950 1097 1033 μείζων

82 1053 173 1121 ἐστὶν
196 1049 313 1139 ὀρθῆς.

145 1155 351 1245 Ἐπεζεύχθω
375 1155 396 1243 ἡ
420 1165 498 1244 ΑΕ,
521 1157 576 1225 καὶ
601 1156 731 1246 διήχθω
755 1154 776 1245 ἡ
800 1165 867 1225 ΒΑ
890 1158 943 1225 ἐπὶ
966 1155 1003 1226 τὸ
1029 1164 1065 1225 Ζ.

30 1281 63 1330 10
150 1263 219 1330 Καὶ
252 1263 321 1330 ἐπεὶ
354 1270 409 1349 ἴση
438 1263 528 1330 ἐστὶν
556 1260 577 1349 ἡ
601 1262 667 1330 ΒΕ
687 1266 726 1350 τῇ
752 1271 835 1350 ΕΑ,
870 1270 926 1349 ἴση
950 1264 1019 1332 ἐστὶ
1041 1263 1098 1331 καὶ

82 1374 189 1455 γωνία
220 1366 241 1456 ἡ
269 1364 335 1436 ύπό
360 1377 462 1437 ΑΒΕ
488 1373 528 1457 τῇ
551 1366 617 1437 ὑπὸ
641 1376 750 1437 ΒΑΕ.
796 1357 913 1455 πάλιν,
947 1368 1017 1437 ἐπεὶ
1041 1375 1096 1454 ἴση

83 1474 174 1543 ἐστίν
205 1472 315 1561 ἡΓΕ
344 1479 384 1565 τὴ
413 1484 494 1562 ΕΑ,
524 1484 580 1563 ἴση
609 1476 677 1544 ἐστὶ
704 1476 760 1543 καλ
790 1471 900 1563 ἡύπό
930 1479 1033 1542 ΑΓΕ
1057 1478 1097 1563 τῇ

82 1578 148 1650 ύπό
162 1587 195 1649 Γ
188 1589 258 1649 ΑΕ
265 1605 272 1618 ·
296 1580 358 1669 ὀλη
382 1581 447 1671 ὀίρα
470 1579 491 1669 ἡ
514 1580 580 1651 ὑπὸ
595 1589 698 1650 ΒΑΓ
710 1582 788 1650 δυσὶ
810 1564 971 1663 ταίς”ύπὸ
986 1586 1097 1666 ΑΒΓ,

83 1693 182 1755 ΑΓΒ
211 1697 266 1774 ἴση
296 1692 395 1757 ἐστίν.
433 1689 501 1756 ἐστὶ
525 1688 563 1756 δὲ
586 1689 640 1756 καὶ
664 1686 684 1775 ἡ
708 1686 774 1757 ύπό
800 1695 902 1756 ΖΑΓ
921 1683 1014 1766 ἑκτός
1036 1691 1098 1754 τού

31 1810 64 1859 15
83 1801 185 1861 ΑΒΓ
208 1793 377 1882 τριγώνου
405 1795 483 1862 δυσὶ
505 1808 578 1874 ταῖς
600 1791 665 1862 ὑπὸ
689 1801 804 1881 ΑΒΓ,
838 1800 937 1863 ΑΓΒ
959 1798 1099 1880 γωνίαις

84 1907 155 1985 ἴση·
189 1909 244 1986 ίστγ
273 1898 339 1987 ὀίρα
368 1901 424 1968 καὶ
447 1897 467 1986 ἡ
493 1898 558 1969 ὑπὸ
578 1907 682 1967 ΒΑΓ
700 1906 807 1987 γωνία
829 1905 868 1990 τῇ
892 1896 958 1969 ύπό
982 1904 1099 1967 ΖΑΓ·

84 2003 173 2094 ὀρθὴ
207 2004 272 2094 ἄρα
305 2007 462 2095 ἑκατέρα·
503 2004 523 2093 ἡ
557 2005 623 2095 ἄρα
652 2009 688 2074 ἐν
715 2011 760 2098 τῷ
785 2012 889 2074 ΒΑΓ
914 2003 1083 2098 ἡμικυκλί,

83 2118 191 2197 γωνία
213 2110 234 2199 ἡ
258 2108 324 2179 ύττό
345 2119 448 2181 ΒΑΓ
467 2110 555 2199 ὀρθὴ
580 2115 679 2181 ἐστιν.

152 2218 220 2285 Καὶ
252 2218 321 2286 ἐπεὶ
343 2223 405 2286 τού
429 2224 532 2286 ΑΒΓ
550 2224 718 2306 τρίγωνον
742 2218 805 2287 δύο
829 2224 950 2305 γωνίαι
973 2221 1011 2286 αί
1031 2216 1099 2287 ὑπὸ

31 2342 66 2391 20
85 2330 199 2409 ΑΒΓ,
228 2330 332 2392 ΒΑΓ
351 2323 413 2391 δύο
438 2322 555 2412 ὀρθῶν
579 2324 751 2405 ἐλάττονές
774 2321 991 2412 είσιν,,’ὀρθὴ
1016 2323 1055 2393 δὲ
1077 2320 1100 2410 ἡ

84 2427 149 2497 ὑπὸ
179 2435 293 2516 ΒΑΓ,
327 2429 472 2498 ἐλάττων
503 2429 568 2517 ὀρα
601 2429 708 2519 ὀρθῆς
740 2432 829 2498 ἐστιν
857 2428 878 2517 ἡ
906 2428 973 2498 ὑπὸ
999 2436 1105 2498 ΑΒΓ

84 2542 204 2622 γωνία·
228 2540 287 2603 καί
308 2537 398 2603 ἐστιν
421 2538 458 2603 ἐν
481 2540 526 2628 τῷ
546 2543 650 2604 ΑΒΓ
667 2543 792 2623 μείζονι
815 2540 877 2604 τοῦ
900 2525 1101 2624 ἡμικυκλίου

85 2666 237 2728 τμηματι.

152 2747 220 2815 Καὶ
245 2748 314 2816 ἐπεὶ
338 2751 374 2816 ἐν
398 2748 508 2841 κύκλῳ
532 2748 776 2838 τετράπλευρόν
800 2751 869 2817 ἐστι
891 2746 930 2816 τὸ
953 2752 1100 2835 ΑΒΓΔ,

104 2984 107 2989 ,
158 2947 182 2995 1.
203 2938 285 3014 ἔστω]
305 2943 377 3013 (alt.)
393 2960 446 2998 om.
458 2944 491 2998 V.
547 2951 571 2998 2.
590 2943 659 3000 Post
677 2941 710 2999 δέ
728 2944 792 3001 add.
813 2939 903 2998 αύτοῦ
923 2961 959 2996 m.
978 2958 1034 2997 reo.
1050 2942 1081 2998 P.

84 3013 122 3084 E]
143 3029 227 3082 supra
245 3015 318 3068 hanc
335 3014 391 3070 litt.
412 3031 481 3071 eras.
502 3018 529 3069 Γ
543 3014 583 3083 V3
608 3032 665 3085 seq.
685 3014 715 3069 in
733 3015 769 3070 F:
789 3015 838 3069 καλ
858 3017 904 3083 (m.
921 3017 949 3084 1)
968 3007 1102 3082 είλὴφθω

85 3079 133 3139 ἐπὶ
151 3086 200 3153 τῆς
218 3088 401 3155 περιφερείας
420 3085 460 3155 (in
478 3103 531 3142 ras.
546 3105 583 3143 m.
594 3088 621 3154 2)
642 3084 694 3139 δύο
713 3083 835 3155 τυχόντα
854 3092 954 3155 σημεῖα
973 3080 1007 3139 τὰ
1027 3090 1060 3154 Α,
1075 3091 1103 3139 Δ

86 3155 126 3237 (in
140 3175 196 3226 mg.
211 3155 313 3238 transjt
326 3176 363 3210 m.
376 3160 414 3225 1);
434 3158 532 3212 eadem
550 3157 645 3212 omnia
662 3156 685 3208 B
704 3175 760 3226 mg.
779 3175 816 3210 m.
831 3174 886 3212 rec.
937 3157 989 3238 καί
994 3158 1103 3228 -BA]

84 3243 189 3366 Ἢ·
203 3228 432 3369 ὀξόωόίόἡόῐ
456 3235 512 3354 013·
531 3229 794 3368 ὀόἐλΔρΔυόἡλ
815 3244 873 3352 ”qd
887 3228 1105 3368 ussssssffi'vfffi'assi

83 3366 114 3422 in
132 3341 186 3422 τοι.
204 3367 244 3435 V3
263 3385 331 3423 corr.
352 3386 385 3423 ex
404 3341 510 3438 μἐίζωνο
524 3376 592 3423 m.2
612 3369 643 3425 Β.
708 3376 731 3425 6.
751 3340 846 3439 ΑΒΓ]
868 3372 889 3421 Β
907 3369 937 3422 in
955 3385 1009 3423 ras.
1029 3368 1063 3423 V.

86 3441 109 3492 7.
130 3433 148 3505 ἡ
167 3433 224 3492 ὑπὸ
242 3440 342 3510 ΑΔΓ]
362 3456 416 3494 om.
436 3458 467 3510 p3
487 3458 543 3510 mg.
562 3459 598 3494 m.
618 3456 672 3495 rec.
691 3440 722 3493 B.
797 3446 838 3494 10.
860 3437 934 3564 5an
955 3436 1031 3493 ἐστίν
1051 3439 1082 3497 P.

69 3511 112 3563 11.
133 3508 283 3580 ABEJP,
303 3511 384 3570 Fm.
403 3518 430 3582 1,
452 3513 534 3570 Vm.
550 3517 581 3580 13
601 3515 680 3568 ΕΑΒ
695 3510 792 3582 Bm*
810 3517 893 3578 m„
949 3517 1027 3566 msa,
