<?xml version="1.0" encoding="UTF-8"?>
<!DOCTYPE html PUBLIC "-//W3C//DTD XHTML 1.0 Transitional//EN"
    "http://www.w3.org/TR/xhtml1/DTD/xhtml1-transitional.dtd">
<html xmlns="http://www.w3.org/1999/xhtml" xml:lang="en" lang="en">
 <head>
  <title>
</title>
<meta http-equiv="Content-Type" content="text/html;charset=utf-8" />
  <meta name='ocr-system' content='tesseract 3.04.00' />
  <meta name='ocr-capabilities' content='ocr_page ocr_carea ocr_par ocr_line ocrx_word'/>
</head>
<body>
  <div class='ocr_page' id='page_1' title='image "./euclidisoperaom07unkngoog_0215.png"; bbox 0 0 2356 3818; ppageno 0'>
   <div class='ocr_carea' id='block_1_1' title="bbox 88 157 728 231">
    <p class='ocr_par' dir='ltr' id='par_1_1' title="bbox 88 157 728 231">
     <span class='ocr_line' id='line_1_1' title="bbox 88 157 728 231; baseline 0.003 -17"><span class='ocrx_word' id='word_1_1' title='bbox 88 161 154 226; x_wconf 81' lang='lat'><strong><em>204</em></strong></span> <span class='ocrx_word' id='word_1_2' title='bbox 470 161 672 216; x_wconf 68' lang='grc' dir='ltr'><strong><em>Στοικυιοα</em></strong></span> <span class='ocrx_word' id='word_1_3' title='bbox 689 157 728 231; x_wconf 63' lang='grc' dir='ltr'><strong><em>γ’.</em></strong></span> 
     </span>
    </p>
   </div>
   <div class='ocr_carea' id='block_1_2' title="bbox 35 292 1108 3443">
    <p class='ocr_par' dir='ltr' id='par_1_2' title="bbox 87 292 1107 712">
     <span class='ocr_line' id='line_1_2' title="bbox 87 292 1105 394; baseline 0 -25"><span class='ocrx_word' id='word_1_4' title='bbox 87 306 156 371; x_wconf 80' lang='grc' dir='ltr'><strong><em>τῶν</em></strong></span> <span class='ocrx_word' id='word_1_5' title='bbox 179 307 256 386; x_wconf 87' lang='grc' dir='ltr'><strong><em>ΓΗ,</em></strong></span> <span class='ocrx_word' id='word_1_6' title='bbox 279 306 360 387; x_wconf 88' lang='grc' dir='ltr'><strong>ΗΕ,</strong></span> <span class='ocrx_word' id='word_1_7' title='bbox 384 292 434 371; x_wconf 73' lang='grc' dir='ltr'><strong><em>ὧν</em></strong></span> <span class='ocrx_word' id='word_1_8' title='bbox 457 301 495 370; x_wconf 87' lang='grc' dir='ltr'><strong><em>τὸ</em></strong></span> <span class='ocrx_word' id='word_1_9' title='bbox 519 299 586 370; x_wconf 82' lang='grc' dir='ltr'><strong><em>ἀπὸ</em></strong></span> <span class='ocrx_word' id='word_1_10' title='bbox 609 305 669 388; x_wconf 76' lang='grc' dir='ltr'><strong><em>τῆς</em></strong></span> <span class='ocrx_word' id='word_1_11' title='bbox 687 309 752 370; x_wconf 88' lang='grc' dir='ltr'><strong><em>ΛΖ</em></strong></span> <span class='ocrx_word' id='word_1_12' title='bbox 776 309 852 370; x_wconf 91' lang='grc' dir='ltr'><strong><em>ἴσον</em></strong></span> <span class='ocrx_word' id='word_1_13' title='bbox 876 301 946 370; x_wconf 78' lang='grc' dir='ltr'><strong><em>ἐστὶ</em></strong></span> <span class='ocrx_word' id='word_1_14' title='bbox 967 303 1014 394; x_wconf 77' lang='grc' dir='ltr'><strong><em>τῷ</em></strong></span> <span class='ocrx_word' id='word_1_15' title='bbox 1037 297 1105 368; x_wconf 74' lang='grc' dir='ltr'><strong><em>ἀπὸ</em></strong></span> 
     </span>
     <span class='ocr_line' id='line_1_3' title="bbox 87 404 1107 496; baseline -0.001 -22"><span class='ocrx_word' id='word_1_16' title='bbox 87 410 146 494; x_wconf 77' lang='grc' dir='ltr'><strong><em>τῆς</em></strong></span> <span class='ocrx_word' id='word_1_17' title='bbox 168 413 241 475; x_wconf 87' lang='grc' dir='ltr'><strong><em>ΓΗ</em></strong></span> <span class='ocrx_word' id='word_1_18' title='bbox 246 430 252 442; x_wconf 86' lang='grc'><strong>’</strong></span> <span class='ocrx_word' id='word_1_19' title='bbox 291 415 350 494; x_wconf 90' lang='grc' dir='ltr'><strong><em>ἴση</em></strong></span> <span class='ocrx_word' id='word_1_20' title='bbox 374 407 439 494; x_wconf 77' lang='grc' dir='ltr'><strong><em>γάρ</em></strong></span> <span class='ocrx_word' id='word_1_21' title='bbox 463 409 553 476; x_wconf 81' lang='grc' dir='ltr'><strong><em>ἐστιν</em></strong></span> <span class='ocrx_word' id='word_1_22' title='bbox 576 405 597 495; x_wconf 81' lang='grc' dir='ltr'><strong><em>ἡ</em></strong></span> <span class='ocrx_word' id='word_1_23' title='bbox 621 415 687 475; x_wconf 92' lang='grc' dir='ltr'><strong><em>ΑΖ</em></strong></span> <span class='ocrx_word' id='word_1_24' title='bbox 708 411 751 496; x_wconf 76' lang='grc' dir='ltr'><strong><em>τῇ</em></strong></span> <span class='ocrx_word' id='word_1_25' title='bbox 774 413 858 476; x_wconf 87' lang='grc' dir='ltr'><strong><em>ΓΗ·</em></strong></span> <span class='ocrx_word' id='word_1_26' title='bbox 895 404 1016 475; x_wconf 85' lang='grc' dir='ltr'><strong><em>λοιπὸν</em></strong></span> <span class='ocrx_word' id='word_1_27' title='bbox 1038 404 1107 494; x_wconf 77' lang='grc' dir='ltr'><strong><em>ἀρα</em></strong></span> 
     </span>
     <span class='ocr_line' id='line_1_4' title="bbox 87 510 1107 607; baseline -0.004 -25"><span class='ocrx_word' id='word_1_28' title='bbox 87 514 125 583; x_wconf 87' lang='grc' dir='ltr'><strong><em>τὸ</em></strong></span> <span class='ocrx_word' id='word_1_29' title='bbox 150 511 215 583; x_wconf 90' lang='grc' dir='ltr'><strong><em>ἀπὸ</em></strong></span> <span class='ocrx_word' id='word_1_30' title='bbox 239 517 299 599; x_wconf 80' lang='grc' dir='ltr'><strong><em>τῆς</em></strong></span> <span class='ocrx_word' id='word_1_31' title='bbox 322 521 387 581; x_wconf 88' lang='grc' dir='ltr'><strong><em>ΖΕ</em></strong></span> <span class='ocrx_word' id='word_1_32' title='bbox 402 519 447 607; x_wconf 76' lang='grc' dir='ltr'><strong><em>τῷ</em></strong></span> <span class='ocrx_word' id='word_1_33' title='bbox 471 512 537 582; x_wconf 86' lang='grc' dir='ltr'><strong><em>ἀπὸ</em></strong></span> <span class='ocrx_word' id='word_1_34' title='bbox 560 517 619 600; x_wconf 78' lang='grc' dir='ltr'><strong><em>τῆς</em></strong></span> <span class='ocrx_word' id='word_1_35' title='bbox 637 520 709 582; x_wconf 89' lang='grc' dir='ltr'><strong>ΕΗ</strong></span> <span class='ocrx_word' id='word_1_36' title='bbox 727 522 803 583; x_wconf 89' lang='grc' dir='ltr'><strong><em>ἴσον</em></strong></span> <span class='ocrx_word' id='word_1_37' title='bbox 827 515 934 582; x_wconf 77' lang='grc' dir='ltr'><strong><em>ἐστίν·</em></strong></span> <span class='ocrx_word' id='word_1_38' title='bbox 959 521 1014 599; x_wconf 97' lang='grc' dir='ltr'><strong><em>ἴση</em></strong></span> <span class='ocrx_word' id='word_1_39' title='bbox 1038 510 1107 600; x_wconf 78' lang='grc' dir='ltr'><strong><em>ἀρα</em></strong></span> 
     </span>
     <span class='ocr_line' id='line_1_5' title="bbox 88 615 1105 712; baseline -0.003 -23"><span class='ocrx_word' id='word_1_40' title='bbox 88 619 108 708; x_wconf 85' lang='grc' dir='ltr'><em>ἡ</em></span> <span class='ocrx_word' id='word_1_41' title='bbox 133 629 195 689; x_wconf 88' lang='grc' dir='ltr'><strong><em>ΕΖ</em></strong></span> <span class='ocrx_word' id='word_1_42' title='bbox 221 623 261 708; x_wconf 78' lang='grc' dir='ltr'><strong><em>τη]</em></strong></span> <span class='ocrx_word' id='word_1_43' title='bbox 285 626 363 688; x_wconf 88' lang='grc' dir='ltr'><strong>ΕΗ</strong></span> <span class='ocrx_word' id='word_1_44' title='bbox 409 621 445 688; x_wconf 86' lang='grc' dir='ltr'><strong><em>έν</em></strong></span> <span class='ocrx_word' id='word_1_45' title='bbox 474 619 512 688; x_wconf 76' lang='grc' dir='ltr'><strong><em>δὲ</em></strong></span> <span class='ocrx_word' id='word_1_46' title='bbox 539 619 650 712; x_wconf 78' lang='grc' dir='ltr'><strong><em>κύκλῳ</em></strong></span> <span class='ocrx_word' id='word_1_47' title='bbox 679 628 756 688; x_wconf 91' lang='grc' dir='ltr'><strong><em>ἴσον</em></strong></span> <span class='ocrx_word' id='word_1_48' title='bbox 782 617 918 708; x_wconf 79' lang='grc' dir='ltr'><strong><em>ἀπέχειν</em></strong></span> <span class='ocrx_word' id='word_1_49' title='bbox 946 615 1012 686; x_wconf 85' lang='grc' dir='ltr'><strong><em>ἀπὸ</em></strong></span> <span class='ocrx_word' id='word_1_50' title='bbox 1040 622 1105 687; x_wconf 84' lang='grc' dir='ltr'><strong><em>τοῦ</em></strong></span> 
     </span>
    </p>

    <p class='ocr_par' dir='ltr' id='par_1_3' title="bbox 53 722 1107 1029">
     <span class='ocr_line' id='line_1_6' title="bbox 53 722 1107 814; baseline -0.003 -19"><span class='ocrx_word' id='word_1_51' title='bbox 53 729 228 813; x_wconf 72' lang='grc' dir='ltr'><strong><em>ὅκέυτοου</em></strong></span> <span class='ocrx_word' id='word_1_52' title='bbox 256 722 388 794; x_wconf 72' lang='grc' dir='ltr'><strong><em>εὐθεῖαι</em></strong></span> <span class='ocrx_word' id='word_1_53' title='bbox 416 727 585 813; x_wconf 79' lang='grc' dir='ltr'><strong><em>λέγονται,</em></strong></span> <span class='ocrx_word' id='word_1_54' title='bbox 617 724 698 794; x_wconf 83' lang='grc' dir='ltr'><strong><em>ὅταν</em></strong></span> <span class='ocrx_word' id='word_1_55' title='bbox 725 728 764 794; x_wconf 80' lang='grc' dir='ltr'><strong><em>αἱ</em></strong></span> <span class='ocrx_word' id='word_1_56' title='bbox 790 722 854 794; x_wconf 90' lang='grc' dir='ltr'><strong><em>ἀπὸ</em></strong></span> <span class='ocrx_word' id='word_1_57' title='bbox 878 728 941 793; x_wconf 84' lang='grc' dir='ltr'><strong><em>τοῦ</em></strong></span> <span class='ocrx_word' id='word_1_58' title='bbox 962 725 1107 814; x_wconf 85' lang='grc' dir='ltr'><strong><em>κέντρου</em></strong></span> 
     </span>
     <span class='ocr_line' id='line_1_7' title="bbox 89 817 1107 919; baseline -0.004 -17"><span class='ocrx_word' id='word_1_59' title='bbox 89 817 139 902; x_wconf 67' lang='grc' dir='ltr'><strong><em>ἀπ’</em></strong></span> <span class='ocrx_word' id='word_1_60' title='bbox 170 831 274 914; x_wconf 81' lang='grc' dir='ltr'><strong><em>αάτάς</em></strong></span> <span class='ocrx_word' id='word_1_61' title='bbox 302 831 442 901; x_wconf 78' lang='grc' dir='ltr'><strong><em>κάθετοι</em></strong></span> <span class='ocrx_word' id='word_1_62' title='bbox 466 830 628 919; x_wconf 76' lang='grc' dir='ltr'><em>ἀγόμεναι</em></span> <span class='ocrx_word' id='word_1_63' title='bbox 652 840 721 900; x_wconf 93' lang='grc' dir='ltr'><strong><em>ἴσαι</em></strong></span> <span class='ocrx_word' id='word_1_64' title='bbox 745 823 842 900; x_wconf 75' lang='grc' dir='ltr'><strong><em>ὦσιν·</em></strong></span> <span class='ocrx_word' id='word_1_65' title='bbox 879 833 918 898; x_wconf 82' lang='grc' dir='ltr'><strong><em>αἴ</em></strong></span> <span class='ocrx_word' id='word_1_66' title='bbox 937 829 1003 917; x_wconf 81' lang='grc' dir='ltr'><strong><em>ἀρα</em></strong></span> <span class='ocrx_word' id='word_1_67' title='bbox 1027 837 1107 918; x_wconf 86' lang='grc' dir='ltr'><strong><em>ΑΒ,</em></strong></span> 
     </span>
     <span class='ocr_line' id='line_1_8' title="bbox 88 935 803 1029; baseline 0 -22"><span class='ocrx_word' id='word_1_68' title='bbox 88 945 152 1007; x_wconf 90' lang='grc' dir='ltr'><strong><em>ΓΔ</em></strong></span> <span class='ocrx_word' id='word_1_69' title='bbox 174 948 250 1008; x_wconf 91' lang='grc' dir='ltr'><strong><em>ἴσον</em></strong></span> <span class='ocrx_word' id='word_1_70' title='bbox 274 936 456 1027; x_wconf 79' lang='grc' dir='ltr'><strong><em>ἀπέχουσιν</em></strong></span> <span class='ocrx_word' id='word_1_71' title='bbox 480 935 546 1007; x_wconf 85' lang='grc' dir='ltr'><strong><em>ἀπὸ</em></strong></span> <span class='ocrx_word' id='word_1_72' title='bbox 569 943 631 1008; x_wconf 83' lang='grc' dir='ltr'><strong><em>τοῦ</em></strong></span> <span class='ocrx_word' id='word_1_73' title='bbox 654 940 803 1029; x_wconf 79' lang='grc' dir='ltr'><strong><em>κέντρου,</em></strong></span> 
     </span>
    </p>

    <p class='ocr_par' dir='ltr' id='par_1_4' title="bbox 88 1041 1107 1240">
     <span class='ocr_line' id='line_1_9' title="bbox 152 1041 1106 1132; baseline 0 -19"><span class='ocrx_word' id='word_1_74' title='bbox 152 1042 250 1113; x_wconf 86' lang='grc' dir='ltr'><strong><em>Ἀλλά</em></strong></span> <span class='ocrx_word' id='word_1_75' title='bbox 271 1044 313 1132; x_wconf 79' lang='grc' dir='ltr'><strong><em>δὴ</em></strong></span> <span class='ocrx_word' id='word_1_76' title='bbox 333 1049 371 1112; x_wconf 85' lang='grc' dir='ltr'><strong><em>αἴ</em></strong></span> <span class='ocrx_word' id='word_1_77' title='bbox 383 1053 460 1130; x_wconf 88' lang='grc' dir='ltr'><strong><em>ΑΒ,</em></strong></span> <span class='ocrx_word' id='word_1_78' title='bbox 482 1050 545 1113; x_wconf 85' lang='grc' dir='ltr'><strong><em>ΓΛ</em></strong></span> <span class='ocrx_word' id='word_1_79' title='bbox 562 1043 694 1112; x_wconf 77' lang='grc' dir='ltr'><strong><em>εὐθεῖαι</em></strong></span> <span class='ocrx_word' id='word_1_80' title='bbox 713 1053 789 1113; x_wconf 91' lang='grc' dir='ltr'><strong><em>ἴσον</em></strong></span> <span class='ocrx_word' id='word_1_81' title='bbox 807 1041 1020 1132; x_wconf 77' lang='grc' dir='ltr'><strong><em>ἀπεχέτωσαν</em></strong></span> <span class='ocrx_word' id='word_1_82' title='bbox 1039 1041 1106 1113; x_wconf 85' lang='grc' dir='ltr'><strong><em>ἀπὸ</em></strong></span> 
     </span>
     <span class='ocr_line' id='line_1_10' title="bbox 88 1148 1107 1240; baseline 0.001 -23"><span class='ocrx_word' id='word_1_83' title='bbox 88 1153 149 1220; x_wconf 84' lang='grc' dir='ltr'><strong><em>τοῦ</em></strong></span> <span class='ocrx_word' id='word_1_84' title='bbox 172 1151 323 1236; x_wconf 80' lang='grc' dir='ltr'><strong><em>κέντρου,</em></strong></span> <span class='ocrx_word' id='word_1_85' title='bbox 347 1152 518 1218; x_wconf 88' lang='grc' dir='ltr'><strong><em>τουτέστιν</em></strong></span> <span class='ocrx_word' id='word_1_86' title='bbox 542 1158 597 1237; x_wconf 93' lang='grc' dir='ltr'><strong><em>ἴση</em></strong></span> <span class='ocrx_word' id='word_1_87' title='bbox 621 1156 702 1219; x_wconf 83' lang='grc' dir='ltr'><strong><em>έστω</em></strong></span> <span class='ocrx_word' id='word_1_88' title='bbox 726 1148 823 1238; x_wconf 78' lang='grc' dir='ltr'><strong>ἡΕΖ</strong></span> <span class='ocrx_word' id='word_1_89' title='bbox 841 1155 881 1240; x_wconf 77' lang='grc' dir='ltr'><strong><em>τη]</em></strong></span> <span class='ocrx_word' id='word_1_90' title='bbox 901 1157 979 1219; x_wconf 87' lang='grc' dir='ltr'><strong><em>ΕΗ.</em></strong></span> <span class='ocrx_word' id='word_1_91' title='bbox 1007 1150 1107 1237; x_wconf 80' lang='grc' dir='ltr'><strong><em>λέγω,</em></strong></span> 
     </span>
    </p>

    <p class='ocr_par' dir='ltr' id='par_1_5' title="bbox 38 1252 687 1344">
     <span class='ocr_line' id='line_1_11' title="bbox 38 1252 687 1344; baseline 0.011 -27"><span class='ocrx_word' id='word_1_92' title='bbox 38 1270 71 1318; x_wconf 88' lang='grc'><strong><em>10</em></strong></span> <span class='ocrx_word' id='word_1_93' title='bbox 90 1253 143 1323; x_wconf 82' lang='grc' dir='ltr'><strong><em>ὅτι</em></strong></span> <span class='ocrx_word' id='word_1_94' title='bbox 166 1265 220 1341; x_wconf 90' lang='grc' dir='ltr'><strong><em>ἴση</em></strong></span> <span class='ocrx_word' id='word_1_95' title='bbox 245 1256 314 1324; x_wconf 82' lang='grc' dir='ltr'><strong><em>ἐστὶ</em></strong></span> <span class='ocrx_word' id='word_1_96' title='bbox 337 1255 393 1322; x_wconf 86' lang='grc' dir='ltr'><strong><em>καῖ</em></strong></span> <span class='ocrx_word' id='word_1_97' title='bbox 416 1252 436 1341; x_wconf 82' lang='grc' dir='ltr'><em>ἡ</em></span> <span class='ocrx_word' id='word_1_98' title='bbox 461 1263 527 1323; x_wconf 87' lang='grc' dir='ltr'><strong><em>ΑΒ</em></strong></span> <span class='ocrx_word' id='word_1_99' title='bbox 549 1260 589 1344; x_wconf 77' lang='grc' dir='ltr'><strong><em>τῇ</em></strong></span> <span class='ocrx_word' id='word_1_100' title='bbox 614 1261 687 1325; x_wconf 89' lang='grc' dir='ltr'><strong><em>ΓΔ.</em></strong></span> 
     </span>
    </p>

    <p class='ocr_par' dir='ltr' id='par_1_6' title="bbox 88 1358 1107 1771">
     <span class='ocr_line' id='line_1_12' title="bbox 160 1358 1105 1449; baseline 0 -21"><span class='ocrx_word' id='word_1_101' title='bbox 160 1365 236 1429; x_wconf 75' lang='grc' dir='ltr'><strong><em>Τῶν</em></strong></span> <span class='ocrx_word' id='word_1_102' title='bbox 269 1360 334 1447; x_wconf 78' lang='grc' dir='ltr'><strong><em>γὰρ</em></strong></span> <span class='ocrx_word' id='word_1_103' title='bbox 367 1358 480 1430; x_wconf 75' lang='grc' dir='ltr'><strong><em>αὐτῶν</em></strong></span> <span class='ocrx_word' id='word_1_104' title='bbox 512 1362 854 1430; x_wconf 77' lang='grc' dir='ltr'><strong><em>κατασκευασθέντων</em></strong></span> <span class='ocrx_word' id='word_1_105' title='bbox 888 1359 1012 1449; x_wconf 82' lang='grc' dir='ltr'><strong><em>ὁμοίως</em></strong></span> <span class='ocrx_word' id='word_1_106' title='bbox 1040 1365 1105 1429; x_wconf 75' lang='grc' dir='ltr'><strong><em>δελ·</em></strong></span> 
     </span>
     <span class='ocr_line' id='line_1_13' title="bbox 89 1463 1107 1554; baseline 0.001 -20"><span class='ocrx_word' id='word_1_107' title='bbox 89 1469 199 1553; x_wconf 79' lang='grc' dir='ltr'><strong><em>ξομεν,</em></strong></span> <span class='ocrx_word' id='word_1_108' title='bbox 224 1464 275 1534; x_wconf 85' lang='grc' dir='ltr'><strong><em>ὅτι</em></strong></span> <span class='ocrx_word' id='word_1_109' title='bbox 299 1470 398 1553; x_wconf 76' lang='grc' dir='ltr'><strong><em>διπλῆ</em></strong></span> <span class='ocrx_word' id='word_1_110' title='bbox 424 1469 514 1535; x_wconf 77' lang='grc' dir='ltr'><strong><em>ἐστιν</em></strong></span> <span class='ocrx_word' id='word_1_111' title='bbox 537 1465 558 1554; x_wconf 81' lang='grc' dir='ltr'><em>ἡ</em></span> <span class='ocrx_word' id='word_1_112' title='bbox 582 1467 643 1554; x_wconf 70' lang='grc' dir='ltr'><strong><em>μὲν</em></strong></span> <span class='ocrx_word' id='word_1_113' title='bbox 666 1475 732 1535; x_wconf 88' lang='grc' dir='ltr'><strong><em>ΑΒ</em></strong></span> <span class='ocrx_word' id='word_1_114' title='bbox 755 1471 814 1554; x_wconf 82' lang='grc' dir='ltr'><strong><em>τῆς</em></strong></span> <span class='ocrx_word' id='word_1_115' title='bbox 836 1475 912 1553; x_wconf 88' lang='grc' dir='ltr'><strong><em>ΑΖ,</em></strong></span> <span class='ocrx_word' id='word_1_116' title='bbox 934 1463 956 1554; x_wconf 77' lang='grc' dir='ltr'><em>ἡ</em></span> <span class='ocrx_word' id='word_1_117' title='bbox 981 1465 1020 1534; x_wconf 73' lang='grc' dir='ltr'><strong><em>δὲ</em></strong></span> <span class='ocrx_word' id='word_1_118' title='bbox 1042 1473 1107 1536; x_wconf 91' lang='grc' dir='ltr'><strong><em>ΓΔ</em></strong></span> 
     </span>
     <span class='ocr_line' id='line_1_14' title="bbox 88 1570 1107 1661; baseline 0.001 -22"><span class='ocrx_word' id='word_1_119' title='bbox 88 1576 147 1659; x_wconf 77' lang='grc' dir='ltr'><strong><em>τῆς</em></strong></span> <span class='ocrx_word' id='word_1_120' title='bbox 169 1578 255 1640; x_wconf 91' lang='grc' dir='ltr'><strong><em>ΓΗ·</em></strong></span> <span class='ocrx_word' id='word_1_121' title='bbox 282 1573 338 1640; x_wconf 89' lang='grc' dir='ltr'><strong><em>καῖ</em></strong></span> <span class='ocrx_word' id='word_1_122' title='bbox 362 1574 432 1642; x_wconf 82' lang='grc' dir='ltr'><strong><em>ἐπεὶ</em></strong></span> <span class='ocrx_word' id='word_1_123' title='bbox 456 1582 511 1659; x_wconf 88' lang='grc' dir='ltr'><strong><em>ἴση</em></strong></span> <span class='ocrx_word' id='word_1_124' title='bbox 536 1570 666 1659; x_wconf 84' lang='grc' dir='ltr'><strong><em>ἑστῖνὴ</em></strong></span> <span class='ocrx_word' id='word_1_125' title='bbox 691 1581 759 1640; x_wconf 91' lang='grc' dir='ltr'><strong>ΑΕ</strong></span> <span class='ocrx_word' id='word_1_126' title='bbox 779 1577 819 1661; x_wconf 76' lang='grc' dir='ltr'><strong><em>τῇ</em></strong></span> <span class='ocrx_word' id='word_1_127' title='bbox 843 1579 916 1659; x_wconf 93' lang='grc' dir='ltr'><strong>ΓΕ,</strong></span> <span class='ocrx_word' id='word_1_128' title='bbox 941 1581 1017 1640; x_wconf 89' lang='grc' dir='ltr'><strong><em>ἴσον</em></strong></span> <span class='ocrx_word' id='word_1_129' title='bbox 1036 1573 1107 1641; x_wconf 78' lang='grc' dir='ltr'><strong><em>ἐστὶ</em></strong></span> 
     </span>
     <span class='ocr_line' id='line_1_15' title="bbox 88 1674 1105 1771; baseline 0.001 -26"><span class='ocrx_word' id='word_1_130' title='bbox 88 1676 126 1746; x_wconf 84' lang='grc' dir='ltr'><strong><em>τὸ</em></strong></span> <span class='ocrx_word' id='word_1_131' title='bbox 157 1675 223 1747; x_wconf 88' lang='grc' dir='ltr'><strong><em>ἀπὸ</em></strong></span> <span class='ocrx_word' id='word_1_132' title='bbox 246 1683 304 1766; x_wconf 82' lang='grc' dir='ltr'><strong><em>τῆς</em></strong></span> <span class='ocrx_word' id='word_1_133' title='bbox 326 1687 397 1747; x_wconf 88' lang='grc' dir='ltr'><strong>ΑΕ</strong></span> <span class='ocrx_word' id='word_1_134' title='bbox 417 1681 463 1771; x_wconf 78' lang='grc' dir='ltr'><strong><em>τῷ</em></strong></span> <span class='ocrx_word' id='word_1_135' title='bbox 487 1674 553 1746; x_wconf 87' lang='grc' dir='ltr'><strong><em>ἀπὸ</em></strong></span> <span class='ocrx_word' id='word_1_136' title='bbox 576 1681 635 1764; x_wconf 77' lang='grc' dir='ltr'><strong><em>τῆς</em></strong></span> <span class='ocrx_word' id='word_1_137' title='bbox 657 1684 736 1746; x_wconf 90' lang='grc' dir='ltr'><strong>ΓΕ·</strong></span> <span class='ocrx_word' id='word_1_138' title='bbox 774 1675 858 1746; x_wconf 87' lang='grc' dir='ltr'><strong><em>ἀλλά</em></strong></span> <span class='ocrx_word' id='word_1_139' title='bbox 882 1681 929 1770; x_wconf 78' lang='grc' dir='ltr'><strong><em>τῷ</em></strong></span> <span class='ocrx_word' id='word_1_140' title='bbox 952 1678 1014 1766; x_wconf 72' lang='grc' dir='ltr'><strong><em>μέν</em></strong></span> <span class='ocrx_word' id='word_1_141' title='bbox 1038 1675 1105 1746; x_wconf 90' lang='grc' dir='ltr'><strong><em>ἀπὸ</em></strong></span> 
     </span>
    </p>

    <p class='ocr_par' dir='ltr' id='par_1_7' title="bbox 38 1781 1107 2298">
     <span class='ocr_line' id='line_1_16' title="bbox 38 1781 1106 1877; baseline 0.004 -29"><span class='ocrx_word' id='word_1_142' title='bbox 38 1797 69 1848; x_wconf 76' lang='lat'><strong><em>15</em></strong></span> <span class='ocrx_word' id='word_1_143' title='bbox 88 1789 147 1872; x_wconf 81' lang='grc' dir='ltr'><strong><em>τῆς</em></strong></span> <span class='ocrx_word' id='word_1_144' title='bbox 174 1792 243 1853; x_wconf 87' lang='grc' dir='ltr'><strong>ΑΕ</strong></span> <span class='ocrx_word' id='word_1_145' title='bbox 269 1794 325 1854; x_wconf 95' lang='grc' dir='ltr'><strong><em>ἴσα</em></strong></span> <span class='ocrx_word' id='word_1_146' title='bbox 349 1786 417 1854; x_wconf 76' lang='grc' dir='ltr'><strong><em>ἐστὶ</em></strong></span> <span class='ocrx_word' id='word_1_147' title='bbox 439 1783 480 1852; x_wconf 80' lang='grc' dir='ltr'><strong><em>τὰ</em></strong></span> <span class='ocrx_word' id='word_1_148' title='bbox 505 1781 570 1852; x_wconf 84' lang='grc' dir='ltr'><strong><em>ἀπὸ</em></strong></span> <span class='ocrx_word' id='word_1_149' title='bbox 594 1788 662 1852; x_wconf 78' lang='grc' dir='ltr'><strong><em>τῶν</em></strong></span> <span class='ocrx_word' id='word_1_150' title='bbox 686 1791 764 1870; x_wconf 92' lang='grc' dir='ltr'><strong>ΕΖ,</strong></span> <span class='ocrx_word' id='word_1_151' title='bbox 793 1792 875 1871; x_wconf 92' lang='grc' dir='ltr'><strong><em>ΖΑ,</em></strong></span> <span class='ocrx_word' id='word_1_152' title='bbox 906 1788 952 1877; x_wconf 78' lang='grc' dir='ltr'><strong><em>τῷ</em></strong></span> <span class='ocrx_word' id='word_1_153' title='bbox 977 1782 1015 1852; x_wconf 70' lang='grc' dir='ltr'><strong><em>δέ</em></strong></span> <span class='ocrx_word' id='word_1_154' title='bbox 1039 1782 1106 1852; x_wconf 87' lang='grc' dir='ltr'><strong><em>ἀπὸ</em></strong></span> 
     </span>
     <span class='ocr_line' id='line_1_17' title="bbox 88 1887 1105 1978; baseline 0.001 -20"><span class='ocrx_word' id='word_1_155' title='bbox 88 1895 146 1978; x_wconf 76' lang='grc' dir='ltr'><strong><em>τῆς</em></strong></span> <span class='ocrx_word' id='word_1_156' title='bbox 170 1897 234 1960; x_wconf 91' lang='grc' dir='ltr'><strong><em>ΓΕ</em></strong></span> <span class='ocrx_word' id='word_1_157' title='bbox 255 1900 311 1959; x_wconf 92' lang='grc' dir='ltr'><strong><em>ἴσα</em></strong></span> <span class='ocrx_word' id='word_1_158' title='bbox 334 1889 375 1959; x_wconf 84' lang='grc' dir='ltr'><strong><em>τὰ</em></strong></span> <span class='ocrx_word' id='word_1_159' title='bbox 399 1889 465 1960; x_wconf 88' lang='grc' dir='ltr'><strong><em>ἀπὸ</em></strong></span> <span class='ocrx_word' id='word_1_160' title='bbox 489 1894 558 1958; x_wconf 75' lang='grc' dir='ltr'><strong><em>τῶν</em></strong></span> <span class='ocrx_word' id='word_1_161' title='bbox 583 1897 660 1976; x_wconf 89' lang='grc' dir='ltr'><strong>ΕΗ,</strong></span> <span class='ocrx_word' id='word_1_162' title='bbox 683 1896 760 1958; x_wconf 91' lang='grc' dir='ltr'><strong><em>ΗΓ.</em></strong></span> <span class='ocrx_word' id='word_1_163' title='bbox 790 1888 830 1957; x_wconf 83' lang='grc' dir='ltr'><strong><em>τὰ</em></strong></span> <span class='ocrx_word' id='word_1_164' title='bbox 856 1887 922 1976; x_wconf 80' lang='grc' dir='ltr'><strong><em>ἀρα</em></strong></span> <span class='ocrx_word' id='word_1_165' title='bbox 945 1887 1011 1957; x_wconf 87' lang='grc' dir='ltr'><strong><em>ἀπὸ</em></strong></span> <span class='ocrx_word' id='word_1_166' title='bbox 1035 1893 1105 1959; x_wconf 76' lang='grc' dir='ltr'><strong><em>τῶν</em></strong></span> 
     </span>
     <span class='ocr_line' id='line_1_18' title="bbox 89 1986 1107 2084; baseline -0.001 -20"><span class='ocrx_word' id='word_1_167' title='bbox 89 2004 162 2084; x_wconf 79' lang='grc' dir='ltr'><strong><em>ΕΖ,</em></strong></span> <span class='ocrx_word' id='word_1_168' title='bbox 187 2006 251 2066; x_wconf 78' lang='grc' dir='ltr'><strong><em>ΖΑ</em></strong></span> <span class='ocrx_word' id='word_1_169' title='bbox 266 2006 322 2067; x_wconf 75' lang='grc' dir='ltr'><strong><em>ιιι</em></strong></span> <span class='ocrx_word' id='word_1_170' title='bbox 346 1998 415 2066; x_wconf 64' lang='grc' dir='ltr'><strong><em>ἐστι</em></strong></span> <span class='ocrx_word' id='word_1_171' title='bbox 438 2009 509 2076; x_wconf 64' lang='grc' dir='ltr'><strong><em>τοις</em></strong></span> <span class='ocrx_word' id='word_1_172' title='bbox 531 1992 597 2063; x_wconf 72' lang='grc' dir='ltr'><strong><em>ἀπὸ</em></strong></span> <span class='ocrx_word' id='word_1_173' title='bbox 620 1998 688 2063; x_wconf 65' lang='grc' dir='ltr'><strong><em>τοι</em></strong></span> <span class='ocrx_word' id='word_1_174' title='bbox 703 2002 783 2082; x_wconf 79' lang='grc' dir='ltr'><strong><em>ΕΗ,</em></strong></span> <span class='ocrx_word' id='word_1_175' title='bbox 805 2002 893 2064; x_wconf 81' lang='grc' dir='ltr'><strong><em>ΗΓ·</em></strong></span> <span class='ocrx_word' id='word_1_176' title='bbox 917 1986 966 2064; x_wconf 71' lang='grc' dir='ltr'><strong><em>σι</em></strong></span> <span class='ocrx_word' id='word_1_177' title='bbox 984 1994 1023 2064; x_wconf 66' lang='grc' dir='ltr'><strong><em>τὸ</em></strong></span> <span class='ocrx_word' id='word_1_178' title='bbox 1038 1993 1107 2063; x_wconf 69' lang='grc' dir='ltr'><strong><em>ἀπὸ</em></strong></span> 
     </span>
     <span class='ocr_line' id='line_1_19' title="bbox 87 2099 1106 2195; baseline 0 -25"><span class='ocrx_word' id='word_1_179' title='bbox 87 2107 146 2189; x_wconf 83' lang='grc' dir='ltr'><strong><em>τῆς</em></strong></span> <span class='ocrx_word' id='word_1_180' title='bbox 168 2111 230 2171; x_wconf 89' lang='grc' dir='ltr'><strong>ΕΖ</strong></span> <span class='ocrx_word' id='word_1_181' title='bbox 253 2107 298 2195; x_wconf 74' lang='grc' dir='ltr'><strong><em>τῷ</em></strong></span> <span class='ocrx_word' id='word_1_182' title='bbox 323 2101 389 2171; x_wconf 89' lang='grc' dir='ltr'><strong><em>ἀπὸ</em></strong></span> <span class='ocrx_word' id='word_1_183' title='bbox 413 2106 472 2189; x_wconf 76' lang='grc' dir='ltr'><strong><em>τῆς</em></strong></span> <span class='ocrx_word' id='word_1_184' title='bbox 495 2108 570 2169; x_wconf 90' lang='grc' dir='ltr'><strong>ΕΗ</strong></span> <span class='ocrx_word' id='word_1_185' title='bbox 587 2103 677 2170; x_wconf 79' lang='grc' dir='ltr'><strong><em>ἐστιν</em></strong></span> <span class='ocrx_word' id='word_1_186' title='bbox 702 2110 795 2169; x_wconf 91' lang='grc' dir='ltr'><strong><em>ἴσον·</em></strong></span> <span class='ocrx_word' id='word_1_187' title='bbox 829 2110 884 2188; x_wconf 92' lang='grc' dir='ltr'><strong><em>ἴση</em></strong></span> <span class='ocrx_word' id='word_1_188' title='bbox 908 2099 972 2188; x_wconf 76' lang='grc' dir='ltr'><strong><em>γὰρ</em></strong></span> <span class='ocrx_word' id='word_1_189' title='bbox 996 2099 1016 2188; x_wconf 78' lang='grc' dir='ltr'><em>ἡ</em></span> <span class='ocrx_word' id='word_1_190' title='bbox 1041 2109 1106 2170; x_wconf 92' lang='grc' dir='ltr'><strong>ΕΖ</strong></span> 
     </span>
     <span class='ocr_line' id='line_1_20' title="bbox 88 2205 1107 2298; baseline 0 -24"><span class='ocrx_word' id='word_1_191' title='bbox 88 2212 127 2297; x_wconf 76' lang='grc' dir='ltr'><strong><em>τῇ</em></strong></span> <span class='ocrx_word' id='word_1_192' title='bbox 152 2215 237 2276; x_wconf 88' lang='grc' dir='ltr'><strong>ΕΗ·</strong></span> <span class='ocrx_word' id='word_1_193' title='bbox 274 2207 394 2277; x_wconf 88' lang='grc' dir='ltr'><strong><em>λοιπὸν</em></strong></span> <span class='ocrx_word' id='word_1_194' title='bbox 423 2207 489 2295; x_wconf 78' lang='grc' dir='ltr'><strong><em>ἀρα</em></strong></span> <span class='ocrx_word' id='word_1_195' title='bbox 522 2206 559 2276; x_wconf 89' lang='grc' dir='ltr'><strong><em>τὸ</em></strong></span> <span class='ocrx_word' id='word_1_196' title='bbox 588 2205 653 2276; x_wconf 87' lang='grc' dir='ltr'><strong><em>ἀπὸ</em></strong></span> <span class='ocrx_word' id='word_1_197' title='bbox 681 2210 739 2293; x_wconf 78' lang='grc' dir='ltr'><strong><em>τῆς</em></strong></span> <span class='ocrx_word' id='word_1_198' title='bbox 766 2215 832 2274; x_wconf 88' lang='grc' dir='ltr'><strong><em>ΑΖ</em></strong></span> <span class='ocrx_word' id='word_1_199' title='bbox 860 2216 935 2275; x_wconf 91' lang='grc' dir='ltr'><strong><em>ἴσον</em></strong></span> <span class='ocrx_word' id='word_1_200' title='bbox 964 2207 1033 2275; x_wconf 76' lang='grc' dir='ltr'><strong><em>ἐστὶ</em></strong></span> <span class='ocrx_word' id='word_1_201' title='bbox 1060 2210 1107 2298; x_wconf 79' lang='grc' dir='ltr'><strong><em>τῷ</em></strong></span> 
     </span>
    </p>

    <p class='ocr_par' dir='ltr' id='par_1_8' title="bbox 35 2311 1107 2612">
     <span class='ocr_line' id='line_1_21' title="bbox 35 2311 1107 2400; baseline 0.001 -22"><span class='ocrx_word' id='word_1_202' title='bbox 35 2330 69 2379; x_wconf 72' lang='lat'><strong><em>20</em></strong></span> <span class='ocrx_word' id='word_1_203' title='bbox 88 2311 154 2382; x_wconf 86' lang='grc' dir='ltr'><strong><em>ἀπὸ</em></strong></span> <span class='ocrx_word' id='word_1_204' title='bbox 178 2317 237 2399; x_wconf 78' lang='grc' dir='ltr'><strong><em>τῆς</em></strong></span> <span class='ocrx_word' id='word_1_205' title='bbox 259 2319 343 2381; x_wconf 87' lang='grc' dir='ltr'><strong><em>ΓΗ·</em></strong></span> <span class='ocrx_word' id='word_1_206' title='bbox 386 2322 441 2399; x_wconf 91' lang='grc' dir='ltr'><strong><em>ἴση</em></strong></span> <span class='ocrx_word' id='word_1_207' title='bbox 469 2312 535 2400; x_wconf 82' lang='grc' dir='ltr'><strong><em>ἀρα</em></strong></span> <span class='ocrx_word' id='word_1_208' title='bbox 563 2311 584 2399; x_wconf 79' lang='grc' dir='ltr'>ἡ</span> <span class='ocrx_word' id='word_1_209' title='bbox 608 2320 673 2380; x_wconf 86' lang='grc' dir='ltr'><strong><em>ΑΖ</em></strong></span> <span class='ocrx_word' id='word_1_210' title='bbox 700 2317 740 2400; x_wconf 76' lang='grc' dir='ltr'><strong><em>τῇ</em></strong></span> <span class='ocrx_word' id='word_1_211' title='bbox 764 2318 848 2381; x_wconf 89' lang='grc' dir='ltr'><strong><em>ΓΗ·</em></strong></span> <span class='ocrx_word' id='word_1_212' title='bbox 875 2317 935 2380; x_wconf 82' lang='grc' dir='ltr'><strong><em>καῖ</em></strong></span> <span class='ocrx_word' id='word_1_213' title='bbox 955 2315 1024 2380; x_wconf 79' lang='grc' dir='ltr'><strong><em>ἐστι</em></strong></span> <span class='ocrx_word' id='word_1_214' title='bbox 1046 2316 1107 2400; x_wconf 82' lang='grc' dir='ltr'><strong><em>τῆς</em></strong></span> 
     </span>
     <span class='ocr_line' id='line_1_22' title="bbox 88 2413 1105 2507; baseline -0.003 -19"><span class='ocrx_word' id='word_1_215' title='bbox 88 2420 149 2507; x_wconf 75' lang='grc' dir='ltr'><strong><em>μέν</em></strong></span> <span class='ocrx_word' id='word_1_216' title='bbox 173 2427 238 2488; x_wconf 89' lang='grc' dir='ltr'><strong><em>ΑΖ</em></strong></span> <span class='ocrx_word' id='word_1_217' title='bbox 261 2422 361 2505; x_wconf 78' lang='grc' dir='ltr'><strong><em>διπλῆ</em></strong></span> <span class='ocrx_word' id='word_1_218' title='bbox 385 2417 406 2504; x_wconf 78' lang='grc' dir='ltr'><em>ἡ</em></span> <span class='ocrx_word' id='word_1_219' title='bbox 431 2425 513 2503; x_wconf 86' lang='grc' dir='ltr'><strong><em>ΑΒ,</em></strong></span> <span class='ocrx_word' id='word_1_220' title='bbox 541 2421 600 2503; x_wconf 76' lang='grc' dir='ltr'><strong><em>τῆς</em></strong></span> <span class='ocrx_word' id='word_1_221' title='bbox 623 2416 661 2485; x_wconf 69' lang='grc' dir='ltr'><strong><em>δὲ</em></strong></span> <span class='ocrx_word' id='word_1_222' title='bbox 684 2424 752 2484; x_wconf 92' lang='grc' dir='ltr'><strong><em>ΓΗ</em></strong></span> <span class='ocrx_word' id='word_1_223' title='bbox 774 2420 874 2504; x_wconf 78' lang='grc' dir='ltr'><strong><em>διπλῆ</em></strong></span> <span class='ocrx_word' id='word_1_224' title='bbox 898 2413 919 2503; x_wconf 77' lang='grc' dir='ltr'>ἡ</span> <span class='ocrx_word' id='word_1_225' title='bbox 942 2424 1023 2489; x_wconf 88' lang='grc' dir='ltr'><strong><em>ΓΔ·</em></strong></span> <span class='ocrx_word' id='word_1_226' title='bbox 1048 2425 1105 2506; x_wconf 92' lang='grc' dir='ltr'><strong><em>ἴση</em></strong></span> 
     </span>
     <span class='ocr_line' id='line_1_23' title="bbox 89 2523 449 2612; baseline -0.006 -19"><span class='ocrx_word' id='word_1_227' title='bbox 89 2525 158 2612; x_wconf 78' lang='grc' dir='ltr'><strong><em>ἀρα</em></strong></span> <span class='ocrx_word' id='word_1_228' title='bbox 181 2523 202 2611; x_wconf 79' lang='grc' dir='ltr'>ἡ</span> <span class='ocrx_word' id='word_1_229' title='bbox 226 2530 291 2590; x_wconf 89' lang='lat' dir='ltr'><strong><em>AB</em></strong></span> <span class='ocrx_word' id='word_1_230' title='bbox 315 2527 354 2611; x_wconf 78' lang='grc' dir='ltr'><strong><em>τη]</em></strong></span> <span class='ocrx_word' id='word_1_231' title='bbox 379 2530 449 2592; x_wconf 88' lang='grc' dir='ltr'><strong><em>ΓΔ.</em></strong></span> 
     </span>
    </p>

    <p class='ocr_par' dir='ltr' id='par_1_9' title="bbox 88 2627 1107 2831">
     <span class='ocr_line' id='line_1_24' title="bbox 148 2627 1103 2722; baseline 0 -23"><span class='ocrx_word' id='word_1_232' title='bbox 148 2628 203 2699; x_wconf 93' lang='grc' dir='ltr'><strong><em>Ἐν</em></strong></span> <span class='ocrx_word' id='word_1_233' title='bbox 226 2630 337 2722; x_wconf 79' lang='grc' dir='ltr'><strong><em>κύκλῳ</em></strong></span> <span class='ocrx_word' id='word_1_234' title='bbox 357 2627 423 2717; x_wconf 82' lang='grc' dir='ltr'><strong><em>ἀρα</em></strong></span> <span class='ocrx_word' id='word_1_235' title='bbox 442 2634 480 2697; x_wconf 85' lang='grc' dir='ltr'><strong><em>αλ</em></strong></span> <span class='ocrx_word' id='word_1_236' title='bbox 497 2639 566 2699; x_wconf 92' lang='grc' dir='ltr'><strong><em>ἴσαι</em></strong></span> <span class='ocrx_word' id='word_1_237' title='bbox 585 2627 717 2699; x_wconf 71' lang='grc' dir='ltr'><strong><em>εὐθεῖαι</em></strong></span> <span class='ocrx_word' id='word_1_238' title='bbox 736 2639 811 2699; x_wconf 95' lang='grc' dir='ltr'><strong><em>ἴσον</em></strong></span> <span class='ocrx_word' id='word_1_239' title='bbox 831 2627 1014 2718; x_wconf 91' lang='grc' dir='ltr'><strong><em>ἀπέχουσιν</em></strong></span> <span class='ocrx_word' id='word_1_240' title='bbox 1035 2627 1103 2699; x_wconf 82' lang='grc' dir='ltr'><strong><em>ἀπό</em></strong></span> 
     </span>
     <span class='ocr_line' id='line_1_25' title="bbox 88 2733 1107 2831; baseline 0.001 -27"><span class='ocrx_word' id='word_1_241' title='bbox 88 2740 149 2806; x_wconf 85' lang='grc' dir='ltr'><strong><em>τοῦ</em></strong></span> <span class='ocrx_word' id='word_1_242' title='bbox 172 2736 402 2823; x_wconf 82' lang='grc' dir='ltr'><strong><em>κέντρου,καῖ</em></strong></span> <span class='ocrx_word' id='word_1_243' title='bbox 426 2739 464 2804; x_wconf 82' lang='grc' dir='ltr'><strong><em>αἴ</em></strong></span> <span class='ocrx_word' id='word_1_244' title='bbox 485 2745 560 2806; x_wconf 90' lang='grc' dir='ltr'><strong><em>ἴσον</em></strong></span> <span class='ocrx_word' id='word_1_245' title='bbox 585 2736 767 2831; x_wconf 87' lang='grc' dir='ltr'><strong><em>ἀπέχουσαι</em></strong></span> <span class='ocrx_word' id='word_1_246' title='bbox 790 2733 856 2804; x_wconf 86' lang='grc' dir='ltr'><strong><em>ἀπὸ</em></strong></span> <span class='ocrx_word' id='word_1_247' title='bbox 879 2740 941 2804; x_wconf 80' lang='grc' dir='ltr'><strong><em>τοῦ</em></strong></span> <span class='ocrx_word' id='word_1_248' title='bbox 963 2737 1107 2824; x_wconf 80' lang='grc' dir='ltr'><strong><em>κέντρου</em></strong></span> 
     </span>
    </p>

    <p class='ocr_par' dir='ltr' id='par_1_10' title="bbox 35 2839 806 2930">
     <span class='ocr_line' id='line_1_26' title="bbox 35 2839 806 2930; baseline 0.001 -22"><span class='ocrx_word' id='word_1_249' title='bbox 35 2859 70 2909; x_wconf 78' lang='lat'><strong><em>25</em></strong></span> <span class='ocrx_word' id='word_1_250' title='bbox 90 2851 160 2911; x_wconf 91' lang='grc' dir='ltr'><strong><em>ἴσαι</em></strong></span> <span class='ocrx_word' id='word_1_251' title='bbox 186 2839 346 2928; x_wconf 75' lang='grc' dir='ltr'><strong><em>ἀλλήλαις</em></strong></span> <span class='ocrx_word' id='word_1_252' title='bbox 368 2846 472 2911; x_wconf 84' lang='grc' dir='ltr'><strong><em>εἴσίν·</em></strong></span> <span class='ocrx_word' id='word_1_253' title='bbox 497 2841 577 2930; x_wconf 83' lang='grc' dir='ltr'><strong><em>ὅπερ</em></strong></span> <span class='ocrx_word' id='word_1_254' title='bbox 601 2846 669 2911; x_wconf 78' lang='grc' dir='ltr'><strong><em>ἔδει</em></strong></span> <span class='ocrx_word' id='word_1_255' title='bbox 692 2843 806 2923; x_wconf 78' lang='grc' dir='ltr'><strong><em>δεῖξαι.</em></strong></span> 
     </span>
    </p>

    <p class='ocr_par' dir='ltr' id='par_1_11' title="bbox 88 3000 1108 3286">
     <span class='ocr_line' id='line_1_27' title="bbox 90 3000 1107 3158; baseline 0.001 -33"><span class='ocrx_word' id='word_1_256' title='bbox 90 3073 113 3125; x_wconf 91' lang='lat' dir='ltr'>V</span> <span class='ocrx_word' id='word_1_257' title='bbox 133 3002 257 3128; x_wconf 45' lang='lat' dir='ltr'><strong><em>esss&#39;i‘ffl</em></strong></span> <span class='ocrx_word' id='word_1_258' title='bbox 276 3001 352 3126; x_wconf 61' lang='grc' dir='ltr'><strong><em>ΕάτάῙ</em></strong></span> <span class='ocrx_word' id='word_1_259' title='bbox 370 3020 406 3057; x_wconf 45' lang='lat' dir='ltr'><strong><em>m·</em></strong></span> <span class='ocrx_word' id='word_1_260' title='bbox 423 3003 724 3144; x_wconf 47' lang='lat' dir='ltr'><strong><em>Ifjsoavmffllvtfooffg’,</em></strong></span> <span class='ocrx_word' id='word_1_261' title='bbox 740 3002 821 3128; x_wconf 55' lang='grc' dir='ltr'><strong><em>Εστῐιῃν</em></strong></span> <span class='ocrx_word' id='word_1_262' title='bbox 837 3007 899 3127; x_wconf 54' lang='grc' dir='ltr'><strong><em>ἶσον</em></strong></span> <span class='ocrx_word' id='word_1_263' title='bbox 918 3000 995 3158; x_wconf 55' lang='grc' dir='ltr'><strong><em>Εέῗθ</em></strong></span> <span class='ocrx_word' id='word_1_264' title='bbox 1014 3021 1107 3158; x_wconf 49' lang='grc' dir='ltr'><strong><em>ἶφάἀά</em></strong></span> 
     </span>
     <span class='ocr_line' id='line_1_28' title="bbox 90 3138 1108 3215; baseline 0 -18"><span class='ocrx_word' id='word_1_265' title='bbox 90 3143 139 3198; x_wconf 86' lang='grc' dir='ltr'><strong><em>καῖ</em></strong></span> <span class='ocrx_word' id='word_1_266' title='bbox 158 3138 175 3213; x_wconf 78' lang='grc' dir='ltr'><em>ἡ</em></span> <span class='ocrx_word' id='word_1_267' title='bbox 194 3143 224 3198; x_wconf 93' lang='lat' dir='ltr'><strong><em>P.</em></strong></span> <span class='ocrx_word' id='word_1_268' title='bbox 309 3150 334 3198; x_wconf 82' lang='lat'><strong><em>4.</em></strong></span> <span class='ocrx_word' id='word_1_269' title='bbox 355 3144 419 3215; x_wconf 87' lang='grc' dir='ltr'><strong>ΕΖ]</strong></span> <span class='ocrx_word' id='word_1_270' title='bbox 440 3147 491 3198; x_wconf 90' lang='grc' dir='ltr'><strong>ΖΕ</strong></span> <span class='ocrx_word' id='word_1_271' title='bbox 510 3144 540 3198; x_wconf 92' lang='grc' dir='ltr'><strong><em>Ρ.</em></strong></span> <span class='ocrx_word' id='word_1_272' title='bbox 623 3149 646 3199; x_wconf 81' lang='grc'><strong><em>5.</em></strong></span> <span class='ocrx_word' id='word_1_273' title='bbox 667 3139 714 3215; x_wconf 78' lang='grc' dir='ltr'><strong><em>αἱ]</em></strong></span> <span class='ocrx_word' id='word_1_274' title='bbox 735 3160 789 3198; x_wconf 89' lang='lat' dir='ltr'><strong><em>om.</em></strong></span> <span class='ocrx_word' id='word_1_275' title='bbox 808 3161 834 3212; x_wconf 89' lang='lat' dir='ltr'><strong><em>p.</em></strong></span> <span class='ocrx_word' id='word_1_276' title='bbox 921 3148 946 3197; x_wconf 80' lang='lat'><strong><em>8.</em></strong></span> <span class='ocrx_word' id='word_1_277' title='bbox 965 3146 1035 3197; x_wconf 91' lang='grc' dir='ltr'><strong><em>αλλα</em></strong></span> <span class='ocrx_word' id='word_1_278' title='bbox 1055 3140 1108 3215; x_wconf 80' lang='grc' dir='ltr'><strong><em>δή]</em></strong></span> 
     </span>
     <span class='ocr_line' id='line_1_29' title="bbox 88 3208 1066 3286; baseline 0 -18"><span class='ocrx_word' id='word_1_279' title='bbox 88 3212 173 3269; x_wconf 75' lang='grc' dir='ltr'><strong><em>πάλιν</em></strong></span> <span class='ocrx_word' id='word_1_280' title='bbox 191 3215 247 3283; x_wconf 88' lang='lat' dir='ltr'><strong><em>Bp.</em></strong></span> <span class='ocrx_word' id='word_1_281' title='bbox 334 3220 358 3270; x_wconf 78' lang='lat'><strong><em>9.</em></strong></span> <span class='ocrx_word' id='word_1_282' title='bbox 378 3215 443 3286; x_wconf 90' lang='grc' dir='ltr'><strong>ΕΖ]</strong></span> <span class='ocrx_word' id='word_1_283' title='bbox 465 3232 533 3270; x_wconf 82' lang='lat' dir='ltr'>corr.</span> <span class='ocrx_word' id='word_1_284' title='bbox 552 3231 586 3268; x_wconf 81' lang='lat' dir='ltr'><strong><em>ex</em></strong></span> <span class='ocrx_word' id='word_1_285' title='bbox 608 3218 656 3268; x_wconf 85' lang='lat' dir='ltr'><strong><em>AZ</em></strong></span> <span class='ocrx_word' id='word_1_286' title='bbox 673 3221 741 3268; x_wconf 65' lang='grc' dir='ltr'><em>Μ</em></span> <span class='ocrx_word' id='word_1_287' title='bbox 760 3213 791 3270; x_wconf 92' lang='lat' dir='ltr'><strong><em>P.</em></strong></span> <span class='ocrx_word' id='word_1_288' title='bbox 879 3219 920 3269; x_wconf 91' lang='lat'><strong><em>10.</em></strong></span> <span class='ocrx_word' id='word_1_289' title='bbox 941 3208 1017 3268; x_wconf 76' lang='grc' dir='ltr'><strong><em>ἐστίν</em></strong></span> <span class='ocrx_word' id='word_1_290' title='bbox 1036 3212 1066 3268; x_wconf 91' lang='grc' dir='ltr'><strong><em>Ρ.</em></strong></span> 
     </span>
    </p>

    <p class='ocr_par' dir='ltr' id='par_1_12' title="bbox 89 3279 1108 3443">
     <span class='ocr_line' id='line_1_30' title="bbox 89 3281 1108 3443; baseline -0.001 -33"><span class='ocrx_word' id='word_1_291' title='bbox 89 3293 131 3410; x_wconf 69' lang='grc' dir='ltr'><strong><em>ι·</em></strong></span> <span class='ocrx_word' id='word_1_292' title='bbox 149 3282 316 3443; x_wconf 61' lang='grc' dir='ltr'><strong><em>τινα</em></strong></span> <span class='ocrx_word' id='word_1_293' title='bbox 440 3361 473 3410; x_wconf 60' lang='grc' dir='ltr'><strong><em>ι</em></strong></span> <span class='ocrx_word' id='word_1_294' title='bbox 500 3281 638 3411; x_wconf 66' lang='grc' dir='ltr'><strong><em>σιν</em></strong></span> <span class='ocrx_word' id='word_1_295' title='bbox 657 3283 906 3422; x_wconf 67' lang='grc' dir='ltr'><strong><em>υκαι</em></strong></span> <span class='ocrx_word' id='word_1_296' title='bbox 1021 3284 1108 3410; x_wconf 75' lang='grc' dir='ltr'><strong><em>ι...</em></strong></span> 
     </span>
    </p>
   </div>
   <div class='ocr_carea' id='block_1_3' title="bbox 74 3422 1109 3570">
    <p class='ocr_par' dir='ltr' id='par_1_13' title="bbox 74 3422 1109 3570">
     <span class='ocr_line' id='line_1_31' title="bbox 87 3422 1109 3497; baseline 0.001 -18"><span class='ocrx_word' id='word_1_297' title='bbox 87 3425 116 3480; x_wconf 92' lang='grc' dir='ltr'><strong><em>Ρ.</em></strong></span> <span class='ocrx_word' id='word_1_298' title='bbox 209 3447 241 3480; x_wconf 85' lang='grc' dir='ltr'><strong><em>το</em></strong></span> <span class='ocrx_word' id='word_1_299' title='bbox 261 3422 318 3480; x_wconf 86' lang='grc' dir='ltr'><strong><em>ἀπὸ</em></strong></span> <span class='ocrx_word' id='word_1_300' title='bbox 337 3427 400 3497; x_wconf 80' lang='grc' dir='ltr'><strong><em>τῆς]</em></strong></span> <span class='ocrx_word' id='word_1_301' title='bbox 420 3445 475 3496; x_wconf 81' lang='lat' dir='ltr'><strong><em>mg.</em></strong></span> <span class='ocrx_word' id='word_1_302' title='bbox 495 3445 531 3482; x_wconf 84' lang='lat' dir='ltr'><strong><em>m.</em></strong></span> <span class='ocrx_word' id='word_1_303' title='bbox 547 3433 563 3480; x_wconf 79' lang='lat'>2</span> <span class='ocrx_word' id='word_1_304' title='bbox 582 3427 616 3481; x_wconf 87' lang='lat' dir='ltr'><strong><em>V.</em></strong></span> <span class='ocrx_word' id='word_1_305' title='bbox 704 3430 745 3482; x_wconf 88' lang='lat'><strong><em>18.</em></strong></span> <span class='ocrx_word' id='word_1_306' title='bbox 767 3427 831 3497; x_wconf 90' lang='grc' dir='ltr'><strong>ΕΖ]</strong></span> <span class='ocrx_word' id='word_1_307' title='bbox 851 3426 882 3495; x_wconf 88' lang='grc' dir='ltr'><strong><em>Ρ,</em></strong></span> <span class='ocrx_word' id='word_1_308' title='bbox 901 3425 923 3480; x_wconf 83' lang='lat' dir='ltr'><strong>F</strong></span> <span class='ocrx_word' id='word_1_309' title='bbox 942 3432 1025 3492; x_wconf 85' lang='lat' dir='ltr'>m.1;</span> <span class='ocrx_word' id='word_1_310' title='bbox 1046 3429 1109 3480; x_wconf 82' lang='lat' dir='ltr'><strong><em>BH</em></strong></span> 
     </span>
     <span class='ocr_line' id='line_1_32' title="bbox 74 3489 1108 3570; baseline 0.004 -23"><span class='ocrx_word' id='word_1_311' title='bbox 74 3496 133 3564; x_wconf 79' lang='lat' dir='ltr'><strong><em>Bp,</em></strong></span> <span class='ocrx_word' id='word_1_312' title='bbox 151 3497 181 3549; x_wconf 81' lang='grc' dir='ltr'><strong>Γ</strong></span> <span class='ocrx_word' id='word_1_313' title='bbox 193 3513 231 3551; x_wconf 83' lang='lat' dir='ltr'><strong><em>m.</em></strong></span> <span class='ocrx_word' id='word_1_314' title='bbox 247 3503 273 3565; x_wconf 83' lang='lat'><strong><em>2,</em></strong></span> <span class='ocrx_word' id='word_1_315' title='bbox 298 3496 323 3552; x_wconf 87' lang='lat' dir='ltr'><em>V</em></span> <span class='ocrx_word' id='word_1_316' title='bbox 338 3515 396 3570; x_wconf 80' lang='lat' dir='ltr'><strong><em>mg.</em></strong></span> <span class='ocrx_word' id='word_1_317' title='bbox 416 3515 454 3556; x_wconf 84' lang='lat' dir='ltr'><strong><em>m.</em></strong></span> <span class='ocrx_word' id='word_1_318' title='bbox 470 3503 495 3554; x_wconf 78' lang='lat'><strong><em>2.</em></strong></span> <span class='ocrx_word' id='word_1_319' title='bbox 549 3489 659 3554; x_wconf 72' lang='lat' dir='ltr'>Deinde</span> <span class='ocrx_word' id='word_1_320' title='bbox 675 3496 743 3568; x_wconf 69' lang='grc' dir='ltr'><strong><em>ἰη</em></strong></span> <span class='ocrx_word' id='word_1_321' title='bbox 762 3513 820 3564; x_wconf 65' lang='grc' dir='ltr'><strong><em>τοο.</em></strong></span> <span class='ocrx_word' id='word_1_322' title='bbox 839 3498 900 3551; x_wconf 84' lang='grc' dir='ltr'><strong><em>ἴσον</em></strong></span> <span class='ocrx_word' id='word_1_323' title='bbox 919 3492 985 3552; x_wconf 77' lang='grc' dir='ltr'><strong><em>ἐστί.</em></strong></span> <span class='ocrx_word' id='word_1_324' title='bbox 1052 3497 1108 3570; x_wconf 80' lang='grc' dir='ltr'><strong><em>τῷ]</em></strong></span> 
     </span>
    </p>
   </div>
   <div class='ocr_carea' id='block_1_4' title="bbox 0 0 1184 3818">
    <p class='ocr_par' dir='ltr' id='par_1_14' title="bbox 0 0 1184 3818">
     <span class='ocr_line' id='line_1_33' title="bbox 0 0 1184 3818; baseline 0 0"><span class='ocrx_word' id='word_1_325' title='bbox 0 0 1184 3818; x_wconf 95' lang='lat' dir='ltr'><strong><em> </em></strong></span> 
     </span>
    </p>
   </div>
  </div>
 </body>
</html>
