2356 3818
355 182 657 235 ‚munemenuu
674 182 784 235 nmen
800 184 851 237 m.
1066 181 1133 249 245

117 328 153 390 et
185 325 220 389 in
249 324 475 411 quadrilateris
502 326 537 390 in
565 326 693 391 circulis
715 327 831 411 positis
855 327 997 412 oppositi
1020 327 1133 412 anguli

119 431 245 496 duobus
268 430 365 495 restis
390 433 540 516 aequales
564 434 639 495 sunt
659 433 764 516 [prop.
786 431 893 514 XXII]
900 484 908 515 ,
938 434 1132 520 stangulus

119 540 224 603 ΑΒΓ
242 537 349 602 minor
372 540 549 621 minente,
575 537 717 621 reliquus
742 538 880 623 angulus
903 543 1011 603 ΑΔΓ
1029 540 1135 604 maior

119 648 170 709 est
196 648 301 728 reet03
334 647 367 708 et
398 643 434 708 in
456 645 564 708 ΑΔΓ
588 646 755 728 segmento
783 643 924 728 minore,
960 665 1056 726 quam
1084 648 1134 711 est

119 750 347 833 semicirculus,
369 750 495 833 positus
518 753 577 815 est.

188 873 260 939 dieo
284 874 393 952 etiem,
417 873 573 957 angulum
596 872 728 937 maioris
752 874 911 958 segmenti
934 896 1011 940 areu
1034 877 1138 941 ΑΒΓ

122 983 156 1044 et
179 984 269 1044 reeta
292 981 362 1044 AF
387 978 656 1063 comprehensum
680 979 836 1044 maiorem
859 1001 930 1044 esse
952 985 1052 1064 recto,
1075 981 1133 1045 mi-

120 1087 209 1151 noris
238 1089 345 1150 autem
379 1085 537 1169 segmenti
565 1085 722 1171 angulum
750 1107 826 1150 arcu
850 1090 962 1151 ΑΛΓ
985 1090 1017 1151 et
1045 1090 1136 1153 recte

120 1197 152 1256 Α
160 1194 191 1255 Γ
207 1190 474 1274 comprehensum
498 1191 656 1256 minorem
680 1213 750 1256 esse
774 1195 870 1257 recto.
895 1196 927 1257 et
945 1193 1007 1257 hoe
1024 1193 1134 1258 statim

121 1297 264 1382 adparet.
297 1318 374 1361 nem
397 1296 552 1382 quoniam
576 1299 715 1383 angulus
737 1298 835 1364 restis
859 1303 939 1384 BA,
962 1301 1031 1365 ΑΓ
1050 1320 1135 1365 eom-

121 1403 301 1488 prehensus
319 1406 426 1468 rectus
449 1405 509 1487 est,
533 1405 671 1488 angulus
695 1425 772 1468 ereu
795 1407 899 1468 ΑΒΓ
913 1408 946 1469 et
968 1409 1056 1470 reete
1069 1407 1138 1468 ΑΓ

120 1509 372 1596 comprehensus
403 1509 509 1574 maior
541 1514 590 1575 est
617 1514 714 1574 reete.
761 1528 872 1573 rursus
901 1511 1053 1595 quoniam
1081 1532 1135 1575 an·

121 1617 216 1701 gulus
243 1615 339 1679 rectis
364 1618 443 1697 ΑΓ,Ι
476 1616 541 1679 ΑΖ
570 1614 821 1698 comprehensus
849 1618 956 1679 reetus
985 1619 1048 1700 est,
1081 1638 1136 1680 en-

122 1723 218 1806 gulus
247 1724 336 1786 reeta
359 1723 420 1785 ΓΑ
453 1724 486 1786 et
518 1742 595 1786 areu
618 1723 728 1785 ΑΔΓ
751 1719 1000 1805 comprehensus
1030 1721 1136 1786 minor

123 1832 174 1893 est
195 1830 293 1894 reete.

188 1950 279 2036 Ergo
313 1952 349 2015 in
382 1948 501 2016 circulo
537 1952 674 2036 angulus
708 1950 742 2015 in
777 1950 977 2016 semicirculo
1010 1952 1135 2034 positus

122 2062 229 2123 rectus
253 2062 313 2142 est,
335 2057 391 2141 qui
414 2060 523 2122 eutem
546 2057 581 2122 in
605 2060 773 2142 segmento
791 2057 914 2121 maiore
933 2058 1058 2141 positus
1078 2062 1135 2137 est,

122 2163 230 2228 minor
256 2165 358 2245 recto,
387 2162 442 2246 qui
470 2167 578 2228 autem
605 2163 640 2227 in
670 2166 838 2248 segmento
861 2162 985 2227 minore
1008 2163 1135 2247 positus

123 2272 187 2353 est,
210 2267 315 2332 maior
338 2271 440 2351 reete,
467 2272 500 2333 et
521 2272 688 2353 praeterea
716 2270 854 2356 angulus
878 2270 1038 2354 segmenti
1068 2292 1135 2335 ma-

125 2519 153 2579 13
171 2512 247 2568 idem
265 2532 322 2584 mg.
341 2531 378 2568 m.
397 2529 452 2569 ree.
471 2513 517 2583 P);
544 2513 730 2584 περιεχομένη
749 2509 824 2585 ὀρθὴ
843 2517 932 2584 γωνία
951 2515 1006 2585 Bp.
1094 2521 1135 2571 14.

124 2585 220 2656 ΑΒΓ]
234 2586 325 2639 ΔΗΓ
339 2583 374 2650 Ρ;
393 2586 477 2638 ΑΗΒ
496 2584 558 2651 BF,
576 2585 602 2639 V
620 2602 656 2641 m.
672 2592 697 2653 2,
715 2604 734 2655 p
754 2592 832 2654 m.1;
853 2588 879 2639 Γ
894 2584 958 2640 add.
977 2605 996 2655 p
1015 2604 1052 2640 m.
1071 2602 1136 2654 ree,

122 2657 203 2710 ΑΒΘ
227 2673 290 2711 eum
312 2671 365 2711 res.
391 2655 466 2710 inter
490 2661 512 2709 A
532 2656 602 2709 etB
627 2656 653 2709 V
671 2675 708 2711 m.
725 2662 749 2712 1.
838 2657 908 2728 ΑΓ]
935 2658 1007 2710 I'in
1025 2672 1079 2713 res.
1097 2674 1135 2712 m.

121 2743 176 2784 ree.
194 2725 226 2781 B.
301 2732 342 2782 15.
362 2725 475 2798 μείζων]
495 2729 570 2796 uesc—
588 2727 619 2780 in
636 2744 688 2781 res.
707 2744 744 2782 m.
763 2742 818 2781 ree.
832 2726 864 2781 B.
938 2733 978 2783 16.
998 2731 1054 2780 ΑΓ
1089 2730 1135 2781 ΓΑ

123 2798 156 2852 V.
240 2791 365 2852 εὐθειῶν
383 2795 570 2867 περιεχομένη
588 2798 618 2851 in
636 2813 690 2852 ras.
709 2803 773 2852 Μ
793 2797 826 2852 V.
901 2803 941 2854 1⁷.
961 2801 1049 2851 ΑΔΓ
1082 2802 1136 2850 ΑΔ

122 2866 152 2921 Ρ.
262 2864 397 2939 ἐλάττων]
417 2884 432 2922 e
451 2884 521 2922 corr.
539 2867 562 2920 B
581 2885 617 2923 m.
636 2884 701 2932 ree..
719 2867 846 2937 praeced.
867 2887 879 2922 ε
899 2874 980 2934 m.1;
999 2871 1064 2938 post
1080 2883 1136 2923 ras.

125 2936 213 2992 llitt.
232 2937 267 2993 V.
348 2945 391 2993 20.
411 2934 534 2994 ἐλάττων
553 2934 629 2993 ἐστίν
647 2937 710 2992 BV.
783 2945 840 3007 ΑΙ.
858 2935 912 3009 τμή
953 2940 991 3011 τι]
1012 2956 1066 2994 om.
1085 2938 1136 2993 PB

122 3007 208 3077 va.
282 3010 383 3078 μείζων
402 3005 478 3064 ἐστίν
497 3008 581 3078 BVp.
655 3015 697 3064 22.
718 3010 819 3081 γωνία]
840 3027 894 3066 om.
937 3016 1030 3080 ,ml
1049 3010 1079 3066 Γ.

124 3073 213 3151 ἐστίν]
231 3093 287 3133 om.
305 3079 340 3146 P;
359 3087 427 3135 ml
448 3078 477 3134 F.
