2280 3832
90 143 132 208 76
372 136 376 142 ’
467 143 670 195 mmmm
689 137 728 196 α’.

156 285 324 373 Εἰλήφθω
354 283 409 353 ἐπὶ
432 289 492 371 τής
515 289 581 352 ΒΓ
605 281 708 371 τυχὸν
738 295 877 369 σημεῖον
905 280 944 350 τὸ
970 289 1018 370 Δ,
1049 282 1106 350 καί

90 389 275 480 ἐπεζεύχθω
299 389 422 478 ήΑΔ·
445 388 716 461 καί.συνεστοίτω
739 387 823 476 πρὸς
839 391 880 478 τῇ
898 396 969 455 ΔΑ
987 386 1108 480 εὐθείρι

89 499 145 566 καί
166 504 212 590 τῷ
236 497 320 587 πρὸς
343 495 426 586 αὐτῇ
450 502 575 589 σημείῳ
598 499 644 588 τῷ
669 504 701 562 A
722 500 762 584 τῇ
786 493 851 563 ὑπὸ
871 501 980 562 ΑΔΓ
998 503 1108 587 γωνία

91 612 146 692 ίση
176 603 196 691 ή
228 602 295 672 ὑπὸ
325 610 447 671 ΔΑΕ·
478 602 535 669 καί
564 598 782 688 ἐκβεβλήσθω
812 598 864 669 ἐπ’
897 599 1037 682 εὐθείας
1066 606 1106 692 τῇ

57 719 159 779 ὃΕΑ
181 708 298 778 εὐθεῖα
321 707 342 796 ή
366 716 439 778 AZ.

158 817 227 885 Καὶ
251 817 321 884 ἐπεί
344 821 392 896 είς
415 815 478 884 δύο
502 813 638 895 εὐθείας
657 814 716 895 τὰς
734 820 807 900 ΒΓ,
830 821 894 882 ΕΖ
913 811 1107 903 εὐθεῖα“ἐμ

24 939 28 945 ’
91 930 258 993 πίπτουσα
284 921 305 1010 ή
329 932 400 990 ΑΔ
417 921 478 1002 τὰς
505 920 647 1002 ἐναλλὰξ
669 926 795 1008 γωνίας
816 919 875 1002 τὰς
897 918 965 988 ὑπὸ
988 929 1108 1009 ΕΑΔ,

91 1037 200 1099 ΑΛΓ
219 1039 292 1109 ῖσας
311 1027 469 1114 ἀλλήλαις
486 1033 677 1114 πεποίηκεν,
700 1027 913 1117 παράλληλος
931 1027 998 1116 ὐίρα
1018 1030 1109 1098 ἐστίν

91 1135 112 1223 ή
135 1144 203 1204 ΕΑ
209 1142 236 1202 Ζ
260 1140 300 1222 τῇ
324 1141 394 1202 ΒΓ.

39 1252 73 1300 10
160 1239 231 1309 Διὰ
254 1245 316 1308 τοῦ
339 1241 502 1320 δοθέντος
525 1238 592 1327 ἄρα
615 1246 756 1327 σημείου
778 1245 840 1309 τοῦ
855 1250 887 1308 A
904 1245 945 1330 τῇ
966 1244 1110 1332 δοθείσῃ

92 1347 212 1438 εὐθείᾳ
244 1351 284 1436 τῇ
314 1354 380 1415 ΒΓ
407 1345 619 1434 παράλληλος
650 1343 768 1414 εὐθεῖα
796 1345 932 1436 γραμμή
961 1339 1061 1434 ἦκται
1088 1346 1111 1436 ή

93 1462 210 1522 ΕΑΖ·
234 1451 316 1540 ὅπερ
340 1458 407 1522 ἔδει
429 1457 577 1539 ποιήσαι.

563 1646 636 1731 λβ’.

159 1771 318 1854 Παντὸς
344 1772 545 1862 τριγώνου
570 1775 661 1858 μιᾶς
682 1775 761 1840 τῶν
784 1776 967 1861 πλευρῶν
990 1793 1112 1862 προσ-

41 1884 360 1966 1σεκβληθείσης
395 1875 416 1965 ή
450 1876 563 1958 ἐκτὸς
594 1882 720 1965 γωνία
752 1877 845 1945 δνσὶ
876 1891 963 1959 ταῖς
997 1879 1114 1962 ἐντὸς

92 1987 157 2054 καί
190 1983 434 2054 ἀπεναντίον
467 1993 531 2070 ίση
564 1986 689 2070 ἐστίν,
721 1983 791 2052 καί
824 1985 866 2051 αί
896 1982 1007 2065 ἐντὸς
1039 1990 1113 2054 τοῦ

92 2092 292 2179 τριγώνου
309 2103 416 2178 τρεῖς
434 2094 577 2175 γωνίαι
598 2089 719 2157 δυσίν
739 2086 883 2177 ὀρθαῖς
897 2098 980 2158 ίσαι
995 2093 1112 2161 είσίν.

151 2195 260 2264 Ἔστω
292 2202 458 2284 τρίγωνον
491 2193 528 2262 τὸ
562 2201 672 2280 ΑΒΓ,
708 2195 765 2263 καί
802 2195 1109 2284 προσεκβεβλήσθω

94 2302 199 2372 αὐτοῦ
223 2308 282 2388 μία
305 2299 432 2388 πλευρὰ
455 2298 557 2387 ήΒΓ
576 2301 628 2367 ἐπὶ
650 2299 689 2368 τὸ
705 2310 750 2368 Δ·
774 2303 871 2390 λέγω,
896 2300 947 2371 ὅτι
971 2300 992 2390 ἡ
1018 2301 1114 2384 ἐκτὸς

41 2426 76 2476 20
95 2414 203 2497 γωνία
226 2405 247 2494 ή
270 2403 337 2474 ὑπὸ
362 2411 461 2474 ΑΓΔ
484 2415 539 2490 ῖση
564 2405 633 2472 ἐστὶ
658 2406 735 2472 δυσί
757 2420 830 2488 ταῖς
854 2406 948 2488 ἐντὸς
970 2410 1027 2476 καί
1051 2408 1112 2477 νίπ-

94 2520 250 2585 εναντίον
273 2525 345 2591 ταῖς
367 2507 433 2578 ὑπὸ
453 2516 557 2596 ΓΑΒ,
581 2517 645 2578 ΑΒ
653 2517 690 2598 Γ,
709 2511 765 2579 καί
789 2516 826 2580 αί
848 2511 941 2594 ἐντὸς
961 2519 1025 2584 τοῦ
1043 2541 1112 2603 τρι-

93 2621 208 2710 γαίνου
234 2631 323 2708 τρεῖς
346 2623 466 2702 γωνίαι
494 2618 532 2684 αί
546 2612 618 2684 ’ὑπὸ
638 2623 748 2704 ΑΒΓ,
771 2625 877 2707 ΒΓΑ,
900 2626 995 2688 ΓΑΒ
1011 2621 1112 2690 δυσίν

94 2727 216 2816 ὀρθαῖς
240 2734 309 2792 ίσαι
332 2727 428 2793 είσίν.

152 2832 271 2921 Ἤχθω
303 2827 368 2917 γὰρ
401 2828 457 2897 διὰ
490 2834 553 2898 τοῦ
585 2836 617 2897 Γ
646 2836 786 2917 σημείου
818 2835 858 2920 τή
892 2840 958 2899 AB
993 2830 1102 2924 εὐθεί,

44 2956 77 3005 25
96 2939 308 3028 παράλληλος
329 2934 350 3023 ή
375 2943 446 3004 ΓΕ.

165 3115 276 3171 ΧΧΧΙΙ.
295 3114 372 3168 Alex.
382 3112 507 3184 Aphrod.
522 3113 552 3168 in
565 3115 624 3182 top.
639 3133 666 3184 p.
680 3121 721 3168 11.
742 3113 866 3184 Simplic.
877 3113 908 3167 in
917 3115 999 3185 phys.
1010 3115 1059 3174 fol.
1070 3123 1110 3172 14.

93 3187 203 3258 Philop.
222 3187 253 3241 in
271 3185 345 3240 anal.
364 3183 390 3239 ΙΙ
408 3203 435 3254 p.
450 3189 493 3240 65.
529 3184 638 3240 ΡεεΠοε
657 3204 684 3255 p.
704 3190 747 3241 40.
784 3185 898 3240 Boetius
916 3204 944 3255 p.
960 3191 1021 3256 383,
1032 3193 1058 3242 8.

166 3355 191 3404 3.
211 3341 297 3419 αὐτῇ]
318 3341 408 3414 αὐτήν
427 3345 457 3400 Γ.
531 3344 584 3415 τῷ]
605 3360 689 3414 supra
706 3361 743 3397 m.
760 3351 774 3398 1
794 3344 823 3399 P.
897 3352 922 3399 4.
941 3346 987 3417 τῇ]
1007 3345 1042 3413 Β,
1062 3347 1111 3415 τῆς

94 3418 190 3488 uulgo.
281 3424 305 3471 5.
326 3417 391 3486 EA]
411 3416 442 3469 in
459 3430 511 3470 ras.
531 3414 565 3470 V.
656 3420 681 3470 6.
700 3414 768 3486 ΒΓ]
790 3431 859 3470 corr.
879 3432 913 3470 ex
932 3419 983 3470 ΓΒ
1001 3415 1039 3484 V3
1060 3420 1110 3470 ΓΒ

80 3489 163 3555 Bbp.
233 3484 422 3560 κόπτ’]ωρ.
442 3504 480 3544 m.
499 3502 556 3543 rec.
576 3485 612 3554 P;
632 3501 720 3556 supra
735 3486 853 3541 ΜΒ.
903 3490 934 3538 ε.
952 3481 1120 3552 mmm.
