2356 3818
479 130 682 183 ΣΤΟΙΧΕῙΩΝ
700 123 740 181 α’.

591 339 636 431 ε’,

174 471 258 536 Τῶν
283 470 504 535 ἰσοσκελῶν
527 464 732 553 τριγώνων
757 467 798 531 αί
819 462 915 550 πρὸς
937 467 980 552 πή
1001 464 1118 550 βάσει

103 578 245 660 γωνίαι
264 581 350 641 ἴσαι
369 571 563 658 ἀλλήλαις
582 576 701 656 εἴσίν,
720 571 784 639 καὶ
803 576 1119 658 προσεκβληθει-

104 685 183 748 σῶν
212 684 289 748 τῶν
318 687 416 746 ἴσων
445 675 617 746 εὐθειῶν
646 680 690 745 αλ
710 673 784 744 ὑπὸ
810 675 880 763 τήν
903 674 1022 762 βάσιν
1044 703 1118 762 γω-

69 791 188 856 5νίαι
213 796 296 854 ἴσαι
319 783 511 872 ἀλλήλαις
534 789 702 851 ἔσονται.

161 891 270 960 Ἔστω
293 897 460 980 τρίγωνον
486 889 653 970 ἰσοσκελὲς
674 890 713 958 τὸ
732 895 835 959 ΑΒΓ
854 899 932 976 ἴσην
956 895 1032 976 ἔχον
1056 888 1119 976 τήν

103 1009 136 1067 Α
142 1007 170 1068 Β
193 998 341 1087 πλευρὰν
364 1002 403 1086 νή
419 1004 490 1066 ΑΓ
508 1000 646 1086 πλευρᾷ,
670 997 726 1063 καί
749 995 1119 1084 προσεκβεβλήσθωσαν

104 1103 155 1173 ἐπ’
167 1103 304 1184 εὐθείας
325 1117 396 1184 ταῖς
414 1110 493 1189 ΑΒ,
518 1109 585 1170 ΑΓ
604 1099 735 1169 εὐθεῖαι
759 1103 796 1168 αί
816 1108 895 1187 ΒΔ,
918 1108 997 1169 ΓΒ·
1021 1104 1118 1189 λίγω,

105 1208 156 1279 ὅτι
185 1209 206 1298 ή
234 1211 296 1298 μὲν
318 1209 385 1279 ὑπὸ
411 1217 515 1279 ΑΒΓ
533 1213 639 1296 γωνία
662 1213 701 1298 πή
725 1206 791 1278 ὑπὸ
815 1216 913 1279 ΑΓΒ
937 1219 992 1296 ἴση
1017 1211 1118 1294 ἐστίν,

53 1313 126 1403 ιοή
151 1316 189 1384 δὲ
210 1314 276 1385 ὑπὸ
301 1321 402 1384 ΓΒΔ
424 1319 464 1404 νή
488 1312 555 1384 ὑπὸ
578 1321 683 1383 ΒΓΕ.

173 1421 326 1508 εἰλήφθω
355 1420 419 1507 γάρ
455 1421 507 1490 ἐπὶ
534 1425 594 1508 τής
620 1428 688 1489 ΒΛ
714 1418 817 1508 τυχὸν
845 1434 983 1508 σημείου
1012 1419 1050 1488 τὸ
1080 1429 1119 1506 Ζ,

106 1527 163 1594 καῖ
185 1526 375 1616 ἀφῃρήσθω
400 1524 465 1595 ἀπὸ
491 1531 550 1613 τής
571 1532 723 1614 μείζονος
745 1530 803 1613 τής
821 1533 888 1614 ΑΕ
904 1531 943 1613 πή
963 1527 1138 1594 ἐλάσσονι

105 1638 146 1722 πή
176 1642 240 1701 ΑΖ
268 1643 322 1719 ἴση
351 1632 371 1720 ή
396 1640 484 1719 ΑΗ,
517 1633 572 1700 καῖ
597 1630 848 1718 ἐπεζεύχθωσαν
880 1635 917 1699 αί
947 1639 1019 1719 ΖΓ,
1050 1640 1119 1700 ΗΒ

106 1737 247 1808 εάθεῖαι.

59 1837 1119 1932 ιιωώωωῃωηωωω

106 1957 145 2040 νή
165 1958 239 2037 ΑΓ,
264 1951 327 2019 δύο
352 1949 394 2037 δή
419 1953 458 2017 αἱ
479 1957 555 2036 ΖΑ,
574 1953 644 2017 ΑΓ
664 1950 742 2016 δυσὶ
764 1961 836 2028 ταῖς
858 1956 939 2036 HA,
963 1957 1028 2017 AB
1051 1959 1120 2018 ἴσαι

106 2057 193 2124 είσῖν
217 2057 352 2144 ἑκατέρα
376 2057 527 2145 ἑκατέρᾳ·
555 2055 611 2121 καὶ
641 2058 768 2140 γωνίαν
790 2051 908 2139 κοινήν
931 2055 1120 2142 περιέχουσι

105 2162 167 2250 τήν
194 2159 260 2231 ὑπὸ
289 2168 410 2228 ΖΑΗ·
443 2161 541 2248 βάσις
568 2160 635 2250 ἀρα
663 2157 683 2247 ή
708 2164 774 2227 ΖΓ
790 2159 886 2247 βάσει
908 2165 947 2248 τῇ
971 2166 1039 2226 ΗΒ
1063 2169 1118 2247 ἴση

107 2271 209 2354 ἐστίν,
232 2269 287 2335 καί
309 2267 347 2336 τὸ
360 2271 463 2335 ΑΖΓ
481 2272 647 2355 τρίγωνον
671 2271 716 2360 τῷ
741 2273 845 2334 ΑΗΒ
867 2263 1018 2355 νριγῶνῳ
1043 2272 1120 2334 ἴσον

55 2388 89 2437 20
109 2378 211 2459 ἔσται,
234 2373 289 2440 καὶ
314 2375 351 2439 αἴ
372 2373 486 2440 λοιπαὶ
509 2379 628 2458 γωνίαι
651 2385 723 2452 ταῖς
745 2380 876 2450 λοιπαῖς
893 2375 1031 2457 γωνίαις
1050 2379 1117 2440 ἴσαι

107 2484 240 2547 ἔσονται
264 2479 400 2566 ἑκατέρα
421 2479 573 2568 ἑκατέρη,
598 2475 658 2564 ὑφ’
675 2475 715 2556 ἀς
740 2479 777 2543 αι’
794 2485 862 2544 ἴσαι
880 2478 1020 2564 πλευραί
1038 2474 1120 2545 ὑπο·

107 2591 287 2670 τείνουσιν,
311 2581 331 2670 ή
355 2583 417 2670 μὲν
440 2581 506 2650 ὑπὸ
533 2591 629 2651 ΑΓΖ
653 2589 692 2671 νή
716 2581 783 2649 ὑπὸ
804 2590 923 2668 ΑΒΗ,
947 2580 968 2670 ή
994 2584 1030 2651 δὲ
1052 2582 1118 2653 ὑπὸ

107 2697 210 2758 ΑΖΓ
229 2695 267 2779 ιή
293 2688 488 2758 ὑπὸΑΗΒ.
525 2691 580 2756 καὶ
605 2690 673 2757 ἐπεὶ
698 2689 759 2774 ὅλη
783 2685 883 2774 ήΑΖ
906 2687 967 2777 ὅλη
990 2694 1030 2777 νή
1050 2698 1125 2758 ΑΗ

107 2799 198 2864 ἐστιν
222 2805 293 2881 ἴση,
321 2788 370 2864 ῶν
393 2794 414 2884 ή
438 2805 505 2865 ΑΒ
528 2800 567 2885 νή
592 2801 661 2862 ΑΓ
678 2797 768 2862 ἐστιν
792 2803 864 2880 ἴση,
888 2793 986 2880 λοιπή
1011 2793 1076 2884 ἀρα
1099 2795 1120 2883 ή

54 2909 171 2970 λῦιΒΖ
199 2906 297 2990 λοιπή
325 2906 365 2991 νή
389 2908 461 2969 ΓΗ
486 2906 575 2970 ἐστιν
606 2910 670 2987 ἴση.
712 2903 847 2986 ἐδείχθη
876 2899 914 2967 δὲ
937 2900 992 2966 καὶ
1015 2898 1035 2986 ή
1060 2909 1125 2970 ΖΓ

107 3012 147 3097 πή
171 3015 239 3074 ΗΒ
264 3017 336 3093 ἴση·
362 3008 424 3076 δύο
451 3007 492 3094 δή
519 3010 556 3073 αί
577 3014 649 3092 ΒΖ,
677 3011 741 3072 ΖΓ
759 3007 837 3074 δυσὶ
859 3020 930 3085 ταῖς
954 3012 1029 3088 ΓΗ,
1055 3014 1121 3075 ΗΒ

110 3137 322 3146 ...ψ--η--ψ

54 3184 59 3189 ’
181 3191 205 3240 2.
224 3181 306 3256 πρός]
326 3181 380 3252 πρό
399 3183 427 3253 b,
448 3182 498 3239 sed
516 3200 585 3238 corr.
604 3201 641 3236 m.
658 3191 680 3237 1.
769 3189 798 3238 ’3.
817 3177 961 3254 ἀλλήλαις]
982 3199 1035 3238 om.
1054 3182 1122 3240 Pro·

109 3255 176 3312 clun.
242 3252 326 3324 είσίν]
346 3256 376 3323 Ρ,
395 3255 520 3321 hoelus,
539 3271 629 3322 comp.
642 3254 674 3320 b;
695 3251 752 3308 εἴσῖ
766 3254 860 3323 uulgo.
934 3259 959 3307 ὅ.
978 3249 1121 3326 ἀλλήλαις]

109 3343 164 3382 om.
177 3326 301 3381 Proclus.
394 3323 517 3395 ἔσονται]
537 3324 595 3379 είσί
609 3325 732 3378 Proclus.
815 3331 839 3379 ⁷.
858 3323 978 3448 πλευρᾷ]
997 3325 1123 3393 πλενρᾶν

109 3417 140 3466 φ.
231 3402 256 3452 8.
280 3392 411 3467 εὐθείας]
432 3392 562 3457 εὐθείαις
580 3396 610 3449 Β.
702 3403 727 3451 9.
746 3395 839 3466 ΑΓΒ]
858 3399 942 3448 ΑΒΓ
981 3436 987 3449 .
1080 3401 1121 3452 10.

107 3471 194 3520 ΓΒΔ
216 3468 266 3533 ἴση
292 3462 356 3521 ἐστί
376 3483 399 3534 p
427 3467 455 3519 εἴ
483 3466 568 3521 Vm.
586 3465 788 3521 recentissima.
883 3471 926 3518 λλ,
943 3461 1123 3533 περιέχουσιν
