2356 3818
338 177 614 228 nuannuuonuu
631 177 740 227 amaa
758 177 807 228 111.
1023 173 1090 239 225
1141 214 1151 228 ,

77 319 238 402 aequales,
287 318 439 383 similiter
462 318 775 402 demonstrabimus‚.
791 320 890 383 etiam

425 428 565 500 [ΒΑΔ
580 427 620 506 -Ι-
638 428 736 490 ΔΓΒ

79 529 204 593 duobus
227 529 326 595 restis
350 531 502 613 aequales
526 552 605 595 esse.
681 551 687 565 ·

145 634 234 720 Ergo
266 636 302 699 in
338 636 564 719 quadrilatens
601 637 636 701 in
668 637 797 702 uireulis
830 636 946 722 positis
979 637 1092 722 anguli

80 741 223 826 oppositi
250 741 377 807 duobus
405 743 505 807 rectis
530 743 682 827 aequales
711 746 798 827 sunl3
830 744 918 828 quod
946 747 1017 808 erat
1039 743 1092 808 de·

78 847 334 913 monstrandum.

527 935 648 1002 XXIII.

146 1043 186 1108 In
213 1044 325 1107 eadem
354 1045 444 1108 reeta
471 1041 533 1107 duo
563 1047 731 1129 segmenta
754 1044 949 1109 circulorum
972 1043 1094 1123 similia

81 1154 114 1214 elz
136 1149 321 1234 inaequalia
345 1149 379 1214 in
402 1149 538 1213 eandem
561 1153 689 1234 partem
713 1151 860 1215 eonslrui
883 1154 1056 1235 nequeunt.

146 1279 222 1348 nam
246 1256 275 1320 si
297 1255 367 1319 fieri
390 1258 513 1339 potest,
540 1256 575 1319 in
599 1255 711 1321 eadem
734 1260 821 1322 reela
845 1260 910 1321 AB
935 1257 998 1322 duo
1022 1277 1094 1342 seg-

87 1387 127 1441 Α
213 1364 325 1426 menia
347 1361 542 1425 circulorum
566 1361 685 1425 similia
704 1366 737 1426 et
754 1362 940 1446 inaequalia
962 1364 998 1428 in
1021 1385 1095 1430 ean·

214 1468 288 1532 dem
302 1469 430 1551 partem
453 1468 683 1531 construantur
706 1470 815 1552 APB,
829 1475 861 1532 A
867 1473 943 1554 ΔΒ,
966 1473 999 1535 el
1022 1471 1095 1535 edu-

216 1575 307 1636 catur
330 1573 438 1655 ΑΓΔ,
461 1579 493 1635 et
515 1571 674 1636 ducantur
697 1575 767 1656 ΓΒ,
791 1578 867 1638 ΑΒ.

284 1677 349 1742 iam
388 1677 540 1760 quoniam
568 1681 774 1763 segmentum
796 1682 895 1744 ΑΓΒ
918 1680 1023 1746 simile
1047 1685 1097 1747 eslz

219 1787 385 1868 segmento
409 1787 527 1864 ΑΔΒ,
556 1783 675 1848 similia
703 1788 811 1849 autem
841 1791 1010 1869 segmenta
1037 1788 1096 1851 eir·

219 1891 365 1955 culorum
394 1892 482 1974 sunt,
514 1910 595 1973 quae
624 1890 774 1973 aequales
805 1892 941 1975 angulos
965 1892 1098 1974 capiunt

163 1985 194 2043 A
220 1995 295 2077 [def.
308 1998 373 2078 11]‚
388 1996 450 2060 arii
463 2001 484 2070 L
495 1999 592 2059 ΑΓΒ
604 2025 645 2048 =
657 2002 689 2060 A
695 2001 771 2080 AB,
786 1997 926 2061 exterior
935 1996 1096 2081 interiori3

93 2118 125 2178 B
220 2102 305 2186 quod
328 2102 398 2165 fie'ri
422 2122 488 2166 non
513 2103 624 2183 potest
647 2101 685 2185 [I‚
702 2102 766 2182 16].

151 2224 241 2310 Ergo
266 2226 301 2288 in
326 2224 437 2288 eadem
460 2226 549 2288 reeta
572 2224 635 2288 duo
656 2228 826 2308 segmenta
845 2225 1036 2290 circulorum
1056 2225 1098 2290 si-

85 2331 178 2396 milia
201 2334 234 2396 et
257 2329 443 2414 inaequalia
465 2329 501 2393 in
521 2330 655 2395 eandem
673 2332 800 2415 partem
820 2331 964 2396 construi
979 2352 1098 2416 neque·

86 2439 160 2519 unt3
185 2435 270 2520 quod
294 2440 364 2501 aral
387 2436 684 2528 demonstrandum.

534 2630 655 2697 xxiv.
682 2604 683 2607 ‘

153 2735 278 2802 Similia
315 2741 482 2821 segmenta
510 2738 702 2803 eireulorum
730 2738 765 2802 iu
789 2738 977 2824 aequalibus
1000 2736 1099 2803 rectia

86 2844 193 2927 posita
215 2844 300 2909 inter
323 2865 357 2908 se
381 2844 529 2928 aequalia
552 2852 636 2909 sunt.

153 2969 229 3011 nam
260 2949 297 3013 in
330 2950 519 3034 aequalibus
556 2949 652 3013 realis
681 2953 755 3032 AB,
785 2952 847 3014 ΓΔ
880 2949 999 3015 similia
1031 2968 1101 3034 seg-

88 3056 198 3117 menta
221 3055 413 3121 circulorum
436 3056 504 3121 sint
525 3058 637 3139 AER,
660 3057 772 3120 ΓΖΔ.
820 3055 901 3140 dieo,
924 3077 993 3120 esse
1084 3060 1106 3144 J

460 3165 561 3225 ΑΕΒ
577 3191 618 3215 =
634 3164 743 3226 ΓΖΛ.
849 3216 852 3222 ,

87 3300 161 3370 ἴσας]
182 3315 239 3368 seq.
259 3317 272 3353 s
292 3298 384 3353 alium
401 3305 417 3353 3
436 3299 492 3355 liu.
511 3301 542 3357 F.
625 3296 713 3371 ἐστίν]
734 3316 787 3354 om.
806 3298 838 3354 Β.
911 3298 1014 3370 γωνία]
1032 3305 1102 3354 Μ

86 3371 120 3425 V.
208 3377 249 3427 17.
269 3317 291 3438 vl
308 3365 388 3433 ἐντὸς
406 3371 439 3442 τῇ
461 3367 542 3434 ἐκτός
559 3390 587 3442 p.
674 3366 763 3442 ἐστίν]
782 3387 836 3426 om.
855 3389 882 3441 p.
973 3375 1016 3425 24.
1035 3364 1103 3443 γάρ]

88 3458 172 3509 supra
190 3442 307 3496 ΜΒ.
382 3441 753 3512 PA]Aeeorr.m.ll'.
824 3436 1001 3497 ‘lauimus
1019 3459 1059 3502 q.
1127 3506 1151 3513 ,Ι

89 3507 164 3564 ἐστίν
182 3510 212 3569 Ρ.

134 3608 282 3663 Euclides,
298 3611 350 3656 edd.
366 3613 474 3666 Heibsrg
489 3618 514 3656 et
525 3615 627 3666 Mense.
955 3592 998 3636 ᾖ

1127 3518 1151 3655 l
