2356 3818
115 165 180 229 316
497 165 699 219 ΣΤΟΙΧΕΙΩΝ
716 159 755 218 δ’.

116 314 232 393 ΑΗΖ,
247 314 352 376 ΖΗΕ
363 314 433 374 ίσαι
452 306 538 375 είσὶν
558 302 725 390 [ταίςὺπδ
741 311 859 392 ΕΗΔ,
873 309 991 390 ΔΗΓ,
1006 308 1136 389 ΓΗΒ].

116 416 154 481 αί
174 416 208 495 ἓξ
231 411 297 503 ἀρα
320 420 441 500 γωνίαι
464 416 501 480 αί
522 409 589 481 ὑπὸ
609 417 727 498 ΕΗΔ,
741 416 856 497 ΔΗΓ,
880 415 992 495 ΓΗΒ,
1015 416 1135 498 ΒΗΑ,

116 524 232 604 ΑΗΖ,
257 525 361 587 ΖΗΕ
383 527 452 587 ίσαι
476 516 635 605 ἀλλήλαις
657 522 751 589 είσίν.
798 519 836 586 ἀί
856 517 894 585 δέ
917 524 987 586 ίσαι
1010 522 1137 602 γωνίαι

116 624 169 693 ἐπὶ
189 628 512 714 ίσωνπεριφερειῶν
526 622 727 711 βεβήκασιν·
746 626 784 691 αί
796 625 829 705 ἓξ
843 622 909 712 ἀρα
923 623 1136 712 περιφέρειαι

81 733 155 799 σαί
175 738 256 817 ΑΒ,
280 737 352 817 ΒΓ,
376 738 449 818 ΓΔ,
463 738 552 816 -ΔΕ,
576 738 649 817 ΕΖ,
674 738 738 798 ΖΑ
760 737 831 799 ίσαι
854 727 1013 816 ἀλλήλαις
1037 733 1136 800 είσίν.

28 921 34 933 .
115 833 181 905 ὑπὸ
207 835 326 918 δὲτὰς
354 846 428 918 ίσας
455 841 666 926 περιφερείας
690 839 727 904 αί
749 844 818 904 ίσαι
846 832 977 904 εὐθεῖαι
999 833 1135 904 ὑποτεί-

116 962 249 1012 νουσιν·
287 947 324 1011 οιί
344 945 378 1024 ἓξ
401 942 467 1032 ἀρα
490 940 621 1011 εὐθεῖαι
645 952 714 1010 ίσαι
737 940 897 1028 ἀλλήλαις
919 944 1023 1009 είσίν·
1063 941 1135 1010 ίσό-

116 1057 262 1139 πλεορον
285 1048 351 1136 ἀρα
375 1050 443 1118 ἐστὶ
467 1073 504 1116 το
529 1055 736 1117 ΑΒΓΔΕΖ
755 1047 934 1134 ἑξάγωνον.
965 1047 1053 1134 λέγω
1078 1047 1133 1136 δή,

29 1200 45 1227 ε
118 1152 168 1223 ὅτι
195 1155 251 1223 καὶ
280 1153 471 1241 ίσογοίνιον.
518 1154 587 1223 ἐπεὶ
614 1154 678 1243 γὰρ
708 1162 763 1240 ίση
795 1154 885 1223 ἐστὶν
908 1151 929 1241 ή
954 1160 1019 1221 ΖΑ
1043 1178 1135 1242 περι-

65 1279 99 1328 10
117 1261 234 1347 φέρεια
252 1263 291 1349 τῇ
306 1268 375 1328 ΕΔ
392 1266 596 1349 περιφερείᾳ,
620 1259 717 1346 κοινή
735 1265 948 1349 προσκείσθω
963 1257 984 1346 ή
999 1266 1135 1329 ΑΒΓΔ

117 1367 326 1455 περιφέρεια·
377 1364 437 1454 ὅλη
466 1364 531 1454 ἀρα
559 1364 579 1455 ή
609 1372 774 1435 ΖΑΒΓΔ
802 1365 863 1457 ὅλη
892 1373 931 1456 τή
959 1372 1135 1435 ΕΔΓΒΑ
1161 1409 1168 1426 ·

118 1475 208 1541 ἐστιν
236 1480 308 1560 ίση·
350 1473 405 1541 καὶ
433 1474 574 1560 βέβηκεν
602 1474 655 1542 ἐπὶ
683 1473 744 1559 μὲν
772 1478 831 1560 τῆς
854 1479 1021 1542 ΖΑΒΓΔ
1044 1495 1133 1563 περι-

118 1583 252 1667 φερείας
284 1577 305 1666 ἡ
337 1576 403 1648 ὑπὸ
429 1587 529 1647 ΖΕΔ
561 1587 683 1667 γωνία,
724 1581 776 1649 ἐπὶ
805 1580 843 1649 δὲ
870 1585 928 1666 τῆς
959 1586 1135 1648 ΕΔΓΒΑ

118 1675 368 1774 περιφερείαςή
390 1682 456 1754 Ιὑπὸ
477 1693 579 1753 ΑΖΕ
594 1692 713 1773 γωνία·
743 1694 798 1774 ίση
822 1685 888 1776 ἀρα
911 1684 932 1773 ή
952 1684 1017 1755 ὑπὸ
1033 1694 1136 1755 ΑΖΕ

66 1809 99 1858 15
117 1798 225 1879 γωνία
247 1795 287 1880 τή
309 1787 375 1860 ὑπο
401 1799 509 1861 ΔΕΖ.
540 1789 663 1878 ὁμοίως
686 1790 728 1879 δή
753 1792 976 1880 δειχθήσεται,
1001 1790 1053 1861 ὅτι
1075 1793 1133 1861 καὶ

119 1901 156 1965 αλ
172 1897 285 1965 λοιπαὶ
303 1903 424 1984 γωνίαι
450 1903 511 1966 τοῦ
535 1904 737 1966 ΑΒΓΔΕΖ
759 1898 931 1985 ἑξαγώνου
948 1898 1031 1967 κατὰ
1052 1905 1133 1986 μίαν

119 2012 189 2072 ίσαι
211 2004 297 2072 είσὶν
322 2005 458 2094 ἑκατέρᾳ
477 2008 544 2072 τῶν
570 2002 634 2072 ὑπὸ
651 2011 761 2090 ΑΖΕ,
776 2012 877 2073 ΖΕΔ
890 2008 1039 2091 γωνιῶν·
1064 2010 1132 2074 ίσο-

117 2109 244 2195 γοίνιον
275 2109 341 2199 ἀρα
374 2110 442 2179 ἐστὶ
469 2109 507 2178 τὸ
537 2116 737 2178 ΑΒΓΔΕΖ
765 2111 944 2196 ἑξάγωνον.
995 2113 1133 2200 ἐδείχθη

116 2214 157 2284 ,δέ
170 2217 226 2282 καὶ
241 2215 457 2302 ἰσόπλευρον·
483 2216 539 2283 καὶ
558 2218 774 2304 ἐγγέγραπται
789 2221 835 2297 είς
853 2215 915 2285 τὸν
929 2223 1134 2286 ΑΒΓΔΕΖ

67 2338 101 2388 20
120 2320 254 2389 κύκλον.

187 2450 247 2524 Είς
270 2443 336 2530 ἀρα
357 2449 417 2513 τὸν
437 2447 584 2513 δοθέντα
601 2446 726 2515 κύκλον
745 2446 915 2533 ἑξάγωνον
930 2447 1134 2534 ἰσόπλευρόν

118 2550 233 2618 τεκαὶ
259 2548 439 2635 ίσογάνιον
464 2552 698 2638 ἐγγέγραπται·
723 2550 804 2639 ὅπερ
824 2557 891 2620 ἔδει
915 2557 1062 2639 ποιήσαι.
1112 2609 1115 2613 .

194 2805 216 2853 1.
237 2800 296 2852 ίσαι
315 2793 447 2866 ἀλλήλαις
466 2799 498 2868 V,
518 2800 567 2854 sed
586 2794 717 2868 ἀλλήλαις
736 2800 789 2855 del.
809 2818 845 2854 m.
861 2806 890 2866 23
909 2800 996 2856 habet
1014 2802 1057 2856 ed.
1077 2803 1134 2858 Ba·

121 2867 163 2923 sil.
238 2866 320 2938 εἰσίν]
341 2866 498 2939 slotBVp.
570 2877 632 2933 ταῖς
649 2865 705 2925 ὑπὸ
721 2873 820 2941 ΕΗΔ,
841 2874 937 2941 ΔΗΓ,
958 2873 1055 2997 Nili]
1075 2891 1133 2945 mg.

120 2945 187 2993 m.2
207 2938 246 3004 V3
266 2955 320 2994 om.
341 2939 383 2993 ed.
403 2939 496 3008 Basil„
515 2942 666 3012 Augustus.
740 2944 830 2994 ΕΗΔ
862 2949 888 2995 Δ
907 2960 921 2997 e
941 2959 1010 2998 corr.
1054 2987 1060 3000 .

119 3011 188 3066 Post
207 3013 299 3063 ΔΗΓ
314 3025 366 3064 ras,
386 3016 402 3064 3
423 3009 478 3064 litt.
498 3011 530 3066 V.
591 3018 615 3066 2.
635 3009 668 3065 αἱ
682 3008 714 3077 ἳξ
730 3043 764 3052 ·-
778 3018 803 3067 3.
822 3010 954 3082 αλλήλαις
973 3012 1056 3085 είσίν]
1076 3033 1134 3085 mg.

119 3087 188 3135 ποθ
208 3081 242 3149 V,
261 3097 315 3136 om.
335 3081 378 3135 ed.
397 3078 482 3136 Basil.
525 3079 585 3136 ⁰4.
605 3079 637 3136 αλ
651 3078 684 3148 ἓξ
702 3079 773 3155 ἄρα]
791 3083 822 3136 in
839 3101 892 3139 ras.
912 3091 980 3139 των
999 3084 1034 3138 V.
1110 3093 1134 3141 5.

120 3154 186 3221 ΕΖ]
206 3154 342 3205 ΕΖΖΕΖ
362 3150 391 3218 Ρ,
411 3152 460 3206 sed
481 3169 548 3208 corr.
569 3171 604 3207 m.
622 3160 645 3209 1.
732 3160 756 3208 6.
777 3153 823 3225 δέ]
842 3170 926 3225 supra
944 3154 1060 3211 m.lF.

120 3219 167 3294 αί]
188 3239 241 3278 om.
252 3223 285 3277 V·
340 3222 408 3277 Post
427 3217 542 3278 εὐθεῖαι
560 3225 581 3277 F
601 3228 656 3294 mg'.
675 3242 711 3280 m.
728 3230 756 3278 1:
775 3222 809 3278 αί
824 3231 887 3294 AB,
907 3229 967 3293 ΒΓ,
988 3229 1047 3294 ΓΔ,
1068 3231 1134 3294 ΔΕ,

120 3296 185 3364 ΕΖ,
206 3297 266 3360 ΖΑ,
295 3291 371 3347 idem
390 3293 461 3348 coni.
480 3294 630 3363 Augustus.
723 3300 747 3351 8.
768 3291 841 3389 ἐστί]
862 3313 914 3352 om.
934 3295 990 3365 Bp.
1084 3295 1133 3368 δή]

120 3381 204 3433 supra
222 3382 257 3417 m.
276 3370 289 3416 1
309 3364 339 3417 P.
413 3370 437 3420 9,
458 3362 524 3436 γάρ]
543 3367 641 3434 postea
659 3366 753 3422 insert.
773 3366 802 3420 in
817 3365 846 3421 Β.
920 3366 982 3439 ΖΑ]
1000 3367 1062 3434 PF3
1085 3372 1135 3422 ΑΖ

107 3435 198 3504 BVp.
295 3442 337 3490 11.
359 3435 506 3508 ΖΑΒΓΔ]
524 3436 854 3507 prossian.1est
872 3443 905 3504 Z3
930 3454 999 3493 corr.
1019 3457 1055 3492 m.
1072 3446 1098 3496 2.

96 3503 165 3572 Seq.
191 3506 224 3559 1'11
250 3505 275 3559 F
298 3505 476 3581 περιφέρεια
497 3525 584 3582 supra
601 3525 655 3564 εοτ.
672 3515 752 3564 mA.
816 3508 1047 3562 mmm
1063 3510 1134 3565 inF
