2356 3818
89 148 154 212 174
465 147 666 201 mommsen
684 143 723 216 μ’.

151 288 229 359 ’Βάν
261 287 327 380 ἀρα
357 290 394 358 έν
425 288 536 381 κύκλῳ
565 287 683 357 εύθεϊύ
711 315 761 370 τις
789 286 849 379 ΒιάΙ
874 291 934 357 τού
961 288 1108 377 κέντρου

88 396 230 467 εύθελάυ
260 423 336 465 τινα
368 394 413 484 μή
446 395 502 465 διὰ
529 400 591 466 τού
623 395 765 485 κέντρου
792 400 869 483 δίχα
895 395 1015 484 τέμνῃ,
1048 395 1108 462 καὶ

87 501 170 593 πρὸς
194 501 301 594 ὀρθὰς
324 499 430 590 αὐτὴν
455 503 581 591 τέμνει·
604 503 661 571 καὶ
684 501 744 570 ἐὰν
767 500 850 590 κμὸς
869 499 978 591 ὀρθὰς
996 498 1108 589 αύτήν

88 610 202 699 τέμνῃ,
224 611 280 679 καὶ
305 614 381 697 δίχα
405 608 511 697 αὐτήν
535 611 659 696 τέμνει·
683 606 764 699 ὅπερ
788 613 856 677 ἔδει
880 610 994 690 δεῖξαι.

53 829 69 878 ι
575 803 618 873 δ’.

153 925 240 998 Ἐὰν
270 931 312 997 έν
335 927 463 1022 κύκλω
487 929 559 997 δύο
584 927 743 997 εὐθεῖαι
765 929 960 1014 τέμνωσιν
984 927 1107 1014 ἀλλή-

87 1041 156 1115 λας
188 1032 237 1122 μή
267 1035 332 1103 διὰ
360 1039 430 1103 τού
460 1036 629 1125 κέντρου
652 1026 785 1120 ούσαι,
818 1030 865 1102 ού
886 1034 1108 1121 τέμνουσιν

88 1138 262 1226 ἀλλήλας
284 1145 387 1227 δίχα.

146 1245 254 1315 Ἔστω
278 1245 399 1327 κύκλος
422 1244 440 1314 ὁ
461 1253 605 1333 ΑΒΓΔ,
628 1247 684 1314 καὶ
707 1250 744 1315 έυ
768 1245 858 1340 αύτῷ
882 1246 946 1317 δύο
969 1241 1114 1314 εὐθεῖαι

36 1376 70 1426 10
88 1356 126 1421 αλ
146 1359 227 1439 ΑΓ,
258 1360 323 1420 ΒΛ
350 1353 560 1438 τεμνέτωσαν
587 1350 733 1440 ἀλλήλας
755 1352 838 1420 κατὰ
860 1351 899 1421 τὸ
922 1359 954 1420 Ε
974 1353 1018 1440 μή
1045 1352 1105 1421 διὰ

87 1464 149 1528 τού
171 1461 312 1548 κέντρου
336 1449 452 1528 ούσαι·
482 1459 579 1544 λέγω,
607 1456 658 1527 ὅτι
686 1457 728 1527 ού
757 1459 937 1546 τέμνουσιν
960 1459 1105 1546 ἀλλήλας

89 1570 174 1654 δέχ.

156 1677 201 1740 Εἰ
226 1672 290 1761 χάρ
314 1670 478 1758 δυνατόν,
505 1671 714 1758 τεμνέτωσαν
742 1670 890 1760 ἀλλήλας
917 1675 995 1759 δίχα
1017 1669 1104 1739 ὥστε

89 1790 166 1868 λ’σην
190 1777 361 1866 εἶναιτὴν
384 1778 445 1865 μὲν
469 1785 537 1846 ΑΕ
558 1781 597 1866 τή
621 1783 698 1862 ΕΓ,
724 1777 788 1865 τήν
811 1778 848 1846 δὲ
871 1785 937 1847 ΒΕ
957 1780 997 1867 τή
1020 1783 1104 1845 ΕΔ·

40 1907 72 1956 15
90 1888 145 1956 καὶ
167 1885 322 1974 εἰλήφθω
340 1882 378 1951 τὸ
397 1884 537 1971 κέντρον
555 1887 617 1951 τού
632 1890 764 1952 ΑΒΓΔ
782 1884 919 1970 κύκλου,
941 1884 1003 1965 καὶ4
1019 1887 1105 1950 έστω

88 1992 126 2062 τὸ
152 2001 190 2079 Ζ,
211 1992 268 2060 καὶ
292 1989 478 2078 ἐπεζεύχθω
501 1987 522 2077 ή
548 1997 619 2058 ΖΕ.

148 2097 238 2167 Ἐπεὶ
266 2090 329 2166 ούυ
357 2095 475 2166 εύθεῑά
502 2124 550 2177 τις
579 2095 635 2163 διὰ
663 2099 724 2164 τού
752 2097 894 2184 κέντρου
916 2093 937 2183 ἡ
963 2102 1028 2162 ΖΒ
1049 2091 1110 2161 εύ·

89 2204 189 2272 &cdv
212 2231 287 2272 τινα
310 2201 355 2291 μὴ
379 2201 434 2270 διὰ
458 2206 519 2271 τού
543 2204 683 2293 κέντρου
707 2202 769 2290 τήν
793 2209 861 2271 ΑΓ
880 2207 957 2290 δίχα
978 2203 1105 2288 τέμνει,

54 2377 57 2383 ,
89 2311 145 2379 καὶ
168 2308 252 2397 πρὸς
275 2306 384 2398 ὀρθὰς
407 2306 513 2395 αὐτὴν
536 2310 664 2395 τέμνει·
688 2307 777 2396 ὀρθή
797 2306 975 2396 ἀραέστὶν
993 2305 1014 2395 ἡ
1035 2304 1106 2375 ὑπὸ

36 2437 71 2486 20
91 2424 207 2485 ΖΕΑ·
230 2413 343 2494 πάλιν,
367 2414 436 2482 έτεὶ
458 2412 576 2482 εὐθεῖά
599 2440 649 2494 τις
671 2410 692 2501 ή
712 2420 778 2480 ΖΕ
789 2409 928 2481 εύθεῐάυ
946 2439 1022 2480 τινα
1040 2411 1109 2499 τήν

88 2531 156 2592 ΒΛ
180 2525 257 2609 δίχα
278 2522 400 2607 τέμνει,
423 2520 478 2587 καὶ
501 2518 585 2607 πρὸς
608 2518 716 2610 ὀρθὰς
735 2517 842 2607 αὐτήν
860 2520 987 2606 τέμνει·
1012 2516 1104 2608 ὀρθὴ

89 2626 155 2717 ἅμα
178 2625 199 2715 ή
222 2624 288 2694 ὑπὸ
314 2633 418 2695 ΖΕΒ.
446 2628 582 2714 ἐδείχθη
607 2626 644 2694 δέ
665 2627 721 2694 καὶ
744 2623 764 2713 ή
788 2622 854 2693 ύκὸ
877 2632 975 2692 ΖΕΑ
999 2622 1108 2712 ὀρθή

90 2743 144 2821 ἴση
169 2731 234 2821 ἀρα
257 2731 278 2821 ή
302 2730 368 2801 ὑπὸ
390 2741 488 2801 ΖΕΑ
505 2736 546 2823 τῇ
567 2730 632 2801 ὑπὸ
653 2738 748 2800 ΖΕΒ
766 2728 787 2819 ἡ
809 2730 954 2799 έλάττων
972 2733 1012 2818 τή
1033 2736 1105 2817 μεί-

91 2847 178 2923 ζονι·
208 2838 288 2928 ὅπερ
313 2839 403 2908 ἐστὶν
427 2838 605 2909 ἀδύνατον.
630 2837 692 2909 ούκ
710 2836 776 2924 ἀρα
795 2840 833 2905 αέ
845 2842 920 2924 ΑΓ,
944 2844 1011 2904 ΒΛ
1029 2837 1106 2923 τέμ-

37 2967 70 3016 25
89 2967 210 3014 νουσιν
234 2943 378 3032 ἀλλήλας
402 2949 486 3033 δίχα.

89 3076 302 3083 ——..-——.-.—-

163 3149 185 3196 1.
207 3137 238 3196 έν
257 3138 360 3213 κύκλῳ]
381 3157 434 3194 om.
454 3157 485 3209 p3
505 3137 598 3213 κύκλῳ
618 3157 707 3209 comp.
727 3138 761 3206 V,
782 3133 814 3192 έν
832 3138 896 3193 add.
916 3156 952 3192 m.
968 3143 992 3192 2.
1076 3143 1104 3194 2.

90 3208 212 3268 εύθεῐάν
231 3233 294 3267 τινα
310 3243 342 3252 -
358 3219 382 3265 4.
402 3209 510 3282 τέμνει]
530 3210 578 3265 καλ
596 3208 630 3264 τά
651 3206 716 3279 ἑξῆς
734 3208 826 3264 PBV.
904 3205 942 3279 μή
962 3204 1010 3262 διά
1025 3238 1059 3247 -
1076 3215 1104 3262 4.

90 3281 267 3408 τέμνειχκαλ
286 3280 320 3337 τὰ
341 3278 406 3352 ἑξῆς
423 3283 453 3335 F.
505 3288 530 3336 4.
549 3281 648 3351 τέμνῃ]
669 3280 783 3351 -μνμίυ
802 3296 853 3336 ras.
869 3298 896 3349 p.
948 3283 990 3334 10.
1010 3281 1035 3332 Ε
1055 3297 1105 3347 ση-

89 3362 217 3425 μεῖον.
306 3360 346 3408 13.
367 3350 571 3421 εἰμές-14.
591 3352 624 3421 τῇ
645 3352 717 3422 ΕΓ]
736 3352 837 3406 iuras.
857 3351 888 3405 F.
963 3355 1004 3403 14.
1025 3345 1105 3405 εἶναι

90 3428 153 3492 λ’σην
170 3444 197 3494 p.
272 3429 314 3478 18.
333 3420 370 3494 μὴ
391 3421 439 3478 διὰ
459 3423 510 3479 τού
529 3420 660 3493 κέντρου]
679 3423 737 3492 Pp3
757 3439 811 3478 om.
830 3421 919 3476 ΒΕΓ.
994 3425 1037 3475 19.
1057 3419 1104 3475 τέ-

69 3495 162 3562 μνει]
174 3495 296 3564 ΡΒμφ,·
317 3501 402 3565 τεμεῖ
413 3493 445 3551 V.
512 3490 573 3550 ἐστί
589 3493 620 3549 P.
692 3499 736 3548 20.
756 3489 836 3563 έτείλ
852 3493 914 3561 Ρμς
930 3497 996 3546 καλ
1016 3507 1108 3561 supra
