2356 3818
93 169 158 234 110
473 164 673 217 Σοοιιιωιιιω
692 159 732 216 ι’.

92 309 130 378 δὲ
152 306 174 396 ἡ
196 307 262 378 ὑπὸ
282 314 403 375 ΒΑΔ·
427 304 518 394 ὀρθὴ
540 303 609 394 ἀρα
629 303 685 372 καὶ
708 301 731 390 ἡ
753 300 819 371 ὑπὸ
839 311 952 370 ΑΔΕ.
979 303 1105 373 τῶνδὲ

91 412 448 503 παραλληλογράμμων
471 418 605 502 χωρίων
628 413 666 478 αί
686 407 888 478 ἀπεναντίον
910 415 1055 498 πλευραί
1069 435 1105 479 τε

91 522 148 589 καὶ
170 525 290 607 γωνίαι
310 527 380 586 ἴσαι
399 515 559 605 ἀλλήλαις
577 522 677 586 είσίν·
702 514 789 604 ὀρθὴ
810 514 876 604 ἀρα
893 515 950 582 καὶ
969 517 1107 606 ἑκατέρα

91 630 160 696 τῶν
182 623 384 694 ἀπεναντίον
407 629 475 693 τῶν
489 621 553 692 ὑπὸ
574 630 686 709 ΑΒΕ,
710 629 814 690 ΒΕΔ
833 627 980 721 γωνιῶν·
1006 621 1107 713 ὀρθο-

57 734 218 821 σγῶνιον
252 730 319 820 ἀρα
353 732 421 800 ἐστὶ
447 729 487 800 τὸ
514 737 663 799 ΑΔΕΒ.
709 731 845 817 ἐδείχθη
878 728 916 797 δὲ
946 729 1003 797 καὶ
1036 729 1107 798 ἰσό-

91 847 246 929 πλευρον.

140 985 145 993 -
164 944 383 1035 Τετράγωνον
405 941 473 1032 ἀρα
496 945 599 1011 ἐστίν·
622 947 681 1010 καί
701 944 791 1012 ἐστιν
809 940 874 1011 ἀπὸ
893 945 951 1030 τῆς
968 949 1034 1011 ΑΒ
1053 941 1106 1012 εά

91 1056 191 1131 θείας
213 1048 531 1139 ἀναγεγραμμένον·
555 1046 636 1136 ὅπερ
660 1052 728 1117 ἔδει
751 1053 897 1136 ποιησαι.

564 1242 632 1329 ιζ’.

39 1383 72 1432 10
157 1363 218 1432 Ἐν
240 1378 324 1445 τοῖς
348 1362 619 1452 ὀρθογωνίοις
641 1364 853 1454 τριγώνοις
871 1364 915 1435 τό
938 1364 1013 1436 ἀπὸ
1037 1373 1105 1456 τῆς

90 1469 160 1558 τὴν
190 1469 322 1560 ὀρθὴν
350 1477 500 1557 γωνίαν
529 1469 821 1559 ὑποτεινούσης
847 1479 1015 1561 πλευρᾶς
1045 1500 1106 1542 τε·

90 1575 297 1664 τράγωνον
331 1587 421 1646 ἴσον
450 1579 532 1646 ἐστὶ
560 1591 644 1659 τοῖς
670 1576 744 1646 ἀπὸ
767 1583 846 1646 τῶν
872 1576 942 1664 τὴν
974 1577 1105 1668 ὀρθὴν

89 1691 240 1769 γωνίαν
267 1689 541 1773 περιεχουσῶν
569 1687 751 1769 πλευρῶν
774 1685 1046 1771 τετραγώνοις.

148 1789 256 1858 Ἔστω
282 1796 449 1879 τρίγωνον
472 1789 686 1877 ὀρθογώνιον
709 1789 747 1858 τὸ
771 1796 874 1858 ΑΒΓ
892 1789 1003 1878 ὀρθὴν
1027 1797 1105 1880 ἔχον

38 1911 72 1960 15
90 1895 153 1983 τὴν
176 1895 242 1965 ὑπὸ
267 1903 370 1966 ΒΑΓ
387 1904 528 1984 γωνίαν·
546 1897 643 1983 λέγω,
667 1894 718 1964 ὅτι
741 1895 778 1989 τὸ
803 1894 869 1964 ἀπὸ
892 1902 950 1984 τῆς
973 1904 1038 1966 ΒΓ
1056 1924 1105 1967 τε·

89 2002 266 2090 τράγωνον
291 2011 366 2071 ἴσον
390 2004 459 2072 ἐστὶ
481 2017 552 2083 τοῖς
573 2000 640 2071 ἀπὸ
664 2006 733 2070 τῶν
756 2010 832 2088 ΒΑ,
856 2009 925 2071 ΑΓ
942 2004 1105 2091 τετραγώ-

90 2133 171 2188 νοις.

154 2210 417 2303 Ἀναγεγράφθω
446 2214 510 2303 γὰρ
538 2212 604 2283 ἀπὸ
633 2214 695 2301 μὲν
722 2218 781 2301 τῆς
807 2220 874 2282 ΒΓ
892 2215 1104 2301 τετράγωνον

89 2315 290 2405 τὸΒΛΕΓ,
314 2318 378 2387 ἀπὸ
403 2321 440 2389 δὲ
462 2325 530 2389 τῶν
543 2327 622 2404 ΒΑ,
636 2318 754 2388 ΑΓτά
769 2327 848 2408 ΗΒ,
871 2327 943 2404 ΘΓ,
966 2321 1022 2388 καὶ
1046 2319 1104 2390 διὰ

37 2440 72 2489 20
90 2427 152 2492 τοῦ
166 2433 199 2491 Α
216 2421 359 2515 ὁποτέρᾳ
377 2429 446 2493 τῶν
459 2432 537 2513 ΒΑ,
556 2430 621 2492 ΓΕ
634 2424 845 2513 παράλληλος
863 2426 958 2519 ἤχθω
978 2424 999 2514 ἡ
1019 2435 1051 2495 Α
1056 2436 1091 2494 Δ
1096 2449 1104 2465 ·

89 2530 144 2598 καὶ
168 2530 420 2618 ἐπεζεύχθωσαν
444 2534 482 2598 αί
494 2516 527 2598 Α
534 2539 582 2618 Δ,
611 2537 679 2619 ΖΓ.
724 2533 780 2599 καὶ
804 2533 874 2601 ἐπεὶ
898 2531 987 2620 ὀρθή
1011 2532 1103 2600 ίωίιν

89 2637 227 2725 ἑκατέρα
248 2640 316 2704 τῶν
339 2633 405 2705 ὑπὸ
429 2643 542 2723 ΒΑΓ,
568 2644 680 2706 ΒΑΗ
695 2642 841 2724 γωνιῶν,
864 2637 947 2727 πρὸς
970 2636 1013 2724 δή
1036 2664 1105 2705 τινι

89 2737 207 2831 εὐθείᾳ
234 2746 273 2830 τῇ
302 2749 369 2810 ΒΑ
394 2743 449 2810 καὶ
477 2748 523 2836 τῷ
552 2743 637 2830 πρὸς
659 2740 743 2832 αὐτῇ
767 2749 891 2835 σημείῳ
915 2748 960 2836 τῷ
984 2752 1016 2812 Α
1039 2743 1104 2812 δύο

89 2844 220 2914 εὐθεῖαι
248 2851 286 2914 αλ
305 2854 385 2934 ΑΓ,
407 2855 483 2915 ΑΗ
505 2849 549 2936 μὴ
578 2850 631 2917 ἐπὶ
659 2848 698 2916 τὰ
726 2847 811 2916 αὐτὰ
840 2849 922 2936 μέρη
954 2855 1104 2937 κείμεναι

38 2977 72 3026 25
90 2950 148 3033 τὰς
176 2954 293 3039 ἐφεξῆς
320 2958 444 3040 γωνίας
472 2956 572 3023 δυσὶν
602 2952 722 3043 ὀρθαῖς
745 2962 820 3035 ἴσας
842 2959 1012 3023 ποιοῦσιν·
1050 2953 1101 3024 ἐπ’

89 3057 225 3138 εὐθείας
247 3056 313 3148 ἀρα
337 3061 426 3128 ἐστὶν
449 3058 470 3148 ἡ
494 3068 557 3129 ΓΛ
579 3066 714 3150 τῇΑΗ.
737 3059 794 3128 διὰ
817 3059 857 3128 τὰ
881 3059 966 3129 αὐτὰ
986 3059 1028 3148 θη
1046 3061 1104 3128 καὶ

159 3254 267 3309 XLVII.
294 3254 600 3325 Pappuslp.1'18,11.
629 3255 722 3310 Schol.
745 3254 775 3308 in
793 3255 916 3312 Archim.
935 3255 975 3310 III
993 3274 1019 3325 p.
1040 3261 1102 3311 383.

88 3325 203 3381 Boetius
221 3345 248 3396 p.
264 3332 325 3394 384,
336 3333 378 3381 21.

153 3510 177 3554 1,
199 3502 270 3570 καί]
284 3502 383 3558 insert.
402 3519 438 3555 m.
454 3517 508 3557 reo.
524 3501 543 3555 b
557 3503 679 3574 (comm.
740 3508 766 3558 ὃ.
785 3498 860 3557 ἐστίν
878 3502 944 3572 PV;
964 3520 1055 3572 comp.
1074 3503 1103 3560 b.
