2356 3818
363 160 639 217 aaarfflurouuu
656 161 766 211 LIBER
784 160 804 212 Ι.
1070 156 1091 221 9

76 304 168 387 liqua
199 308 307 368 autem
339 308 468 388 praeter
499 304 579 369 haee
612 303 831 387 quadrilatera
862 301 1007 386 trapezia
1036 301 1091 366 ad·

33 409 245 491 pellentur.

50 501 64 523 '¹
144 514 266 581 XXIII.
310 515 490 608 Parallelae
523 520 600 580 sunt
630 516 751 598 lineae,
788 533 869 597 quae
905 513 941 576 in
979 512 1092 579 eodem

78 621 175 704 plano
199 622 325 705 positae
349 625 382 686 et
404 623 439 686 in
462 625 632 704 utramque
650 624 776 704 partem
796 618 971 703 productae
990 619 1024 682 in
1044 620 1092 683 in·

77 727 206 792 finitum
229 729 263 792 in
287 735 402 793 neutra
425 731 519 811 parte
543 729 747 807 concurrunt.

481 921 696 986 Postulata.

147 1044 171 1109 Ι.
195 1042 390 1130 Postuletur,
408 1049 445 1109 ut
464 1067 483 1110 a
502 1045 616 1129 quouis
634 1048 756 1128 puneto
777 1042 818 1108 ad
837 1041 974 1128 quoduis
994 1064 1092 1126 pune-

35 1161 37 1167 ’
79 1155 150 1216 tum
172 1154 261 1216 reeta
284 1151 371 1215 linea
394 1152 537 1216 dueatur.

145 1256 186 1321 II.
222 1255 269 1321 Et
296 1261 333 1322 ut
355 1262 445 1322 reeta
467 1258 555 1322 linea
577 1257 753 1321 terminata
775 1257 810 1320 in
834 1256 992 1322 directum
1016 1255 1091 1320 edu-

78 1367 170 1428 catur
192 1365 228 1427 in
250 1363 447 1428 continuum.

145 1468 203 1534 III.
239 1466 284 1532 Et
306 1473 344 1534 ut
367 1470 483 1554 quouis
507 1472 618 1534 eentro
641 1469 797 1552 radioque
817 1468 955 1532 circulus
975 1468 1092 1532 deseri·

76 1577 184 1640 batur.

147 1681 204 1746 IV.
239 1679 286 1746 Et
316 1699 428 1746 omnes
458 1686 563 1745 reatos
594 1681 731 1764 angulos
761 1681 848 1744 iuter
879 1701 913 1744 se
941 1679 1092 1762 aequales

78 1807 158 1852 esse.

146 1892 186 1957 V.
222 1892 276 1978 Et,
300 1894 385 1958 siin
409 1894 488 1958 duas
512 1893 616 1957 lineas
639 1894 745 1956 rectas
765 1894 855 1955 reeta
872 1889 1018 1953 incidens
1038 1911 1105 1954 ans

78 1999 174 2084 gulos
201 1999 371 2064 interiores
400 2003 433 2064 et
463 1999 503 2064 ad
530 1997 665 2062 eandem
693 1999 821 2078 partem
849 1994 972 2060 duobus
995 1997 1091 2062 rectis

78 2104 223 2168 minores
252 2103 405 2188 effecerit,
437 2108 542 2168 rectas
570 2103 644 2167 illas
672 2101 706 2165 in
734 2101 897 2165 infinitum
919 2101 1092 2185 productas

79 2231 272 2275 concurrere
304 2208 346 2273 ad
378 2209 514 2274 eandem
545 2212 687 2293 partem,
718 2207 752 2271 in
785 2228 848 2291 qua
881 2207 948 2272 sint
981 2210 1092 2296 anguli

78 2315 203 2381 duobus
229 2317 326 2380 reetis
349 2316 500 2381 minores.

74 2500 377 2632 'receptumcordinem
404 2509 519 2566 tuentur
545 2506 580 2633 I}
607 2507 749 2631 Proeliis&
765 2508 939 2578 Simplicius,
959 2507 1091 2594 'Capella

78 2579 530 2718 Igiiiiiit'iiinrieasmeltfflIIIiiioponulsoi
550 2579 713 2718 γήιξήλαλιειθζ
731 2621 832 2704 Proelo
848 2579 1091 2718 {pcepppqspguqqq

117 2725 157 2774 13.
177 2715 318 2790 ἀλλήλαις]
338 2735 392 2774 om.
406 2719 440 2774 V.
520 2725 562 2774 15.
582 2715 686 2774 εὐθεῖά
706 2739 748 2781 τις
766 2720 796 2774 Ρ.
880 2726 921 2773 17.
942 2715 1092 2781 ἐλάττονας

78 2790 193 2845 Proolus
211 2809 238 2860 p.
255 2796 359 2859 191,18
379 2792 446 2859 (non
464 2809 491 2860 p.
504 2793 575 2859 364).
647 2786 699 2852 τὰς
717 2784 784 2860 δύο]
803 2789 946 2858 PBpr‚
966 2786 1018 2843 δύο
1038 2805 1091 2846 om.

78 2860 109 2927 F,
128 2861 243 2916 Proqus
260 2861 313 2930 bis,
331 2861 486 2916 Martianus
505 2859 633 2930 Capella,
651 2859 781 2926 Boetius,
800 2860 864 2918 fort.
883 2863 966 2914 reete.
1051 2864 1091 2915 18.

78 2932 246 3001 copulavere
264 2929 315 2994 τὰς
334 2926 452 2994 εὐθείας
472 2929 679 3004 ἐκβαλλομένας
698 2926 747 3000 ἐφ’
768 2931 883 2985 Proolus
902 2949 928 2998 p.
946 2937 1005 2985 364.
1026 2949 1092 2999 συμ-

78 3003 192 3057 πίπτειν
221 2997 352 3070 ἀλλήλαις
378 3003 432 3057 PV
452 2997 595 3071 (ἀλλήλαις
622 3018 690 3056 corr.
720 3019 754 3056 ex
781 2997 902 3070 ἀλλήλας
919 3000 962 3069 P).
1049 3007 1090 3055 19.

79 3069 241 3143 ἐλάσσονες]
260 3073 318 3141 Pp,
338 3073 452 3128 Proolus
470 3091 498 3142 p.
514 3079 579 3138 3643
600 3068 747 3133 ἐλάττονες
765 3073 860 3194 uulgo.
884 3070 956 3125 Dein
966 3072 1029 3126 add.
1040 3090 1092 3139 γω-

78 3145 138 3198 νίαι
156 3143 271 3210 FBVb,
289 3142 476 3214 Philoponus;
496 3160 550 3199 om.
569 3144 684 3198 Proolus
702 3142 745 3196 bis
764 3144 793 3196 et
836 3160 864 3212 p.
927 3140 960 3195 In
978 3143 1021 3197 ed.
1040 3141 1093 3196 Ba-

78 3215 121 3269 sil.
148 3217 177 3269 et
202 3214 278 3283 apud
303 3213 468 3284 Gregorium
494 3215 547 3268 αλι.
567 3219 646 3268 4-5
672 3213 748 3266 inter
778 3227 939 3267 communes
963 3211 1093 3267 notiones

78 3286 218 3354 (10-11)
236 3285 369 3354 leguntur
387 3285 487 3352 (πᾶσαι
511 3282 543 3338 αἱ
559 3280 649 3350 ὀρθαὶ
666 3284 768 3351 γωνίαι
790 3285 886 3337 ἴσαι..
900 3279 967 3348 eiust
997 3277 1094 3348 ἔκβαλ-

76 3352 196 3426 λόμεναι
215 3354 262 3411 αἴ.
274 3399 280 3411 .
292 3349 683 3424 εὖθεῖαι..σνμπεσοῦνται).
755 3352 824 3405 Post
842 3353 899 3405 atr.
916 3356 934 3403 t
949 3350 1049 3403 usus
1069 3353 1106 3401 a&

77 3425 158 3513 Vsm.
174 3427 239 3551 rget
256 3425 332 3495 apud
350 3425 523 3493 Campanum
546 3422 690 3495 sequ‘rtur:
718 3421 773 3477 aut
791 3419 849 3476 oto
869 3413 1002 3476 situatae
1016 3415 1133 3480 ami*-

77 3516 115 3566 μιη
135 3515 199 3566 περι
211 3515 282 3566 χειν.
1096 3518 1099 3523 ·
