2356 3818
100 178 166 244 268
478 181 680 235 ΣΡΟΙΧΕΙΩΝ
698 176 736 251 η’.

99 321 183 408 μίνη
217 320 395 409 ἐφάπτεται
425 326 487 395 τοῦ
517 321 657 391 κύκλου·
696 320 810 410 ἡΔΒ
838 320 904 412 ἄρα
934 321 1117 410 ἐφάπτεται

98 430 160 495 τού
183 432 288 494 ΑΒΓ
313 430 449 497 κύκλου.
501 426 625 517 ὁμοίως
656 427 698 515 δὴ
728 427 957 517 δειχθήσεται,
983 423 1050 497 κᾶν
1075 427 1114 497 τὸ

99 533 240 622 κέντρον
264 533 317 601 ἐπὶ
339 538 400 620 τῆς
420 539 490 601 ΑΓ
506 533 663 623 τυγχάνῃ.

163 638 243 708 Ἐὰν
271 638 337 726 ἄρα
358 640 485 708 κύκλου
508 644 625 730 ληφθῇ
647 667 679 709 τι
702 654 842 729 σημεῖον
864 639 968 726 ἐκτός,
990 637 1057 708 ἀπὸ
1077 640 1117 708 δὲ

64 749 161 813 5τοῦ
193 751 334 832 σημείου
365 747 449 834 πρὸς
481 743 541 815 τὸν
566 746 693 815 κύκλον
722 751 951 836 προσπίπτωσι
974 746 1038 815 δύο
1062 743 1115 814 εύ-

99 860 203 938 θείαι,
226 850 282 919 καί
305 849 326 939 ἡ
350 851 411 939 μὲν
430 851 543 921 αὐτῶν
561 855 662 943 τέμνη
681 852 743 923 τὸν
760 853 896 940 κύκλον,
919 850 941 940 ἡ
961 852 999 920 δὲ
1012 873 1114 940 προσ-

100 963 216 1047 πίπτη,
253 949 275 1046 ᾖ
308 957 346 1026 δὲ

101 1063 194 1143 ἐκτὸς
225 1061 547 1151 ἀπολαμβανομένης
577 1062 699 1150 μεταξύ
730 1069 792 1133 τοῦ
819 1089 854 1132 τε
886 1070 1026 1152 σημείου
1058 1064 1114 1132 καὶ

99 1173 158 1255 τῆς
180 1173 303 1256 κυρτῆς
325 1175 537 1256 περιφερείας
560 1177 637 1238 ίσον
659 1176 705 1264 τῷ
729 1169 800 1239 ἀπὶ·
813 1175 872 1258 τῆς
889 1171 1115 1260 προσπιπτού-

48 1292 82 1342 10
101 1295 172 1361 σης,
195 1271 216 1362 ἡ
241 1280 495 1361 προσπίπτουσα
518 1276 680 1362 ἐφάψεται
697 1281 758 1345 τοῦ
776 1277 922 1345 κύκλου·
945 1276 1026 1366 ὅπερ
1046 1282 1115 1346 ἔδει

101 1383 215 1461 δεῖξαι.

100 1549 314 1558 ——-—

174 1634 197 1682 1.
217 1629 282 1700 τού]
301 1631 352 1684 τού
369 1633 453 1684 ΑΒΓ
468 1631 525 1712 Vp,
544 1628 616 1685 Fm.
633 1636 657 1685 2.
739 1631 790 1685 τού
809 1629 927 1686 κύκλου·
946 1625 963 1699 ἡ
984 1633 1037 1684 ΔΒ
1057 1626 1115 1697 ἄρα

102 1693 272 1771 ἐφάπτεται]
293 1719 349 1770 mg.
368 1719 405 1755 m.
418 1708 432 1756 1
447 1702 484 1768 B3
502 1704 573 1756 1tem
590 1702 620 1764 P.
640 1701 738 1756 addito
756 1703 809 1756 καί
823 1703 890 1758 ante
907 1703 966 1757 τού.
1021 1696 1041 1770 ἡ
1061 1706 1114 1755 ΔΒ

102 1776 171 1825 -2,
186 1767 305 1842 κύκλου]
325 1789 379 1826 om.
399 1790 431 1842 μς
450 1790 505 1842 mg.
525 1790 561 1827 m.
577 1778 592 1825 2
611 1771 645 1826 V.
711 1779 735 1828 2.
755 1767 805 1844 δή]
824 1771 857 1827 δέ
876 1773 910 1842 V,
929 1789 999 1829 corr.
1017 1791 1055 1826 m.
1071 1778 1096 1828 2.

102 1847 126 1894 3.
146 1846 168 1895 A
175 1842 215 1913 Γ]
236 1846 263 1896 Γ
277 1843 308 1897 in
324 1860 378 1897 ras.
397 1860 433 1896 m.
450 1850 464 1897 1
485 1843 516 1896 B.
570 1839 704 1910 τυγχάνει
722 1845 753 1911 P,
773 1860 840 1900 corr.
859 1861 897 1897 m.
912 1849 936 1898 1.
1010 1848 1036 1897 4.
1056 1837 1115 1897 ἄπό

101 1909 134 1967 δὲ
149 1943 182 1952 -
200 1917 240 1971 10.
260 1910 378 1984 κύκλου]
397 1913 446 1968 καλ
463 1908 498 1968 τύ
519 1911 584 1983 ἑξῆς
600 1913 738 1984 PBFVp.
802 1921 843 1971 11.
862 1908 1022 1970 Γνύκλείδου
1042 1931 1117 1970 στοι-

100 1985 185 2052 χείων
204 1988 222 2053 η
239 1983 299 2053 ΡΒ,
318 1981 476 2039 Εύκλείδου
496 1986 640 2056 στοιχείων
657 1985 707 2055 τῆς
722 1983 835 2049 Θέωνος
855 1981 994 2048 ἐκδόσεως
1011 1990 1030 2054 η
1048 1986 1080 2042 F.
