2356 3818
104 141 148 207 52
413 202 418 218 ‚
481 141 684 194 Συοιεεεωα
702 136 743 197 α’.

169 281 298 367 Πάλιν,
327 282 396 351 ἐπεὶ
423 279 548 362 παντὸς
575 280 742 371 τριγώνου
770 279 790 368 ἡ
815 278 908 361 ἐκτὸς
930 289 1037 368 γωνία
1059 289 1118 371 τῆς

102 385 196 469 ἐντὸς
230 389 286 456 καὶ
318 385 521 458 ἀπεναντίον
548 394 669 475 μείζων
697 391 803 474 ἐστίν,
835 391 897 456 τοῦ
925 395 1025 457 ΓΔΕ
1052 389 1118 477 ἄρα

101 493 270 583 τριγώνου
299 492 320 580 ἡ
354 492 447 574 ἐκτὸς
469 496 586 580 Ιγωνία
618 492 639 581 ἡ
670 491 736 562 ὑπὸ
765 501 871 562 ΒΔΓ
898 501 1018 581 μείζων
1048 500 1117 566 ἐστὶ

101 605 160 688 τῆς
182 598 248 669 ὑπὸ
271 607 383 668 ΓΕΔ.
417 597 473 668 διδι
497 597 600 668 ταύτὰ
624 606 744 669 τοίνυν
767 602 823 668 καὶ
845 605 907 668 τοῦ
929 609 1034 669 ΑΒΕ
1053 629 1119 692 τρι-

67 704 263 802 σγῶυουὴ
292 704 386 786 ἐκτὸς
412 713 519 792 γωνία
547 705 568 793 ἡ
596 704 662 775 ὑπὸ
692 714 787 775 ΓΒΒ
818 714 938 795 μείζων
968 709 1036 776 ἐστὶ
1059 714 1119 797 τῆς

101 810 167 883 ὑπὸ
198 819 309 881 ΒΑΓ.
354 811 440 881 ἄλλα
469 817 527 899 τῆς
555 810 620 881 ὑπὸ
655 818 751 881 ΓΕΒ
779 818 900 900 μείζων
932 816 1068 902 ἐδείχθη
1097 815 1118 902 ἡ

102 916 168 989 ὑπὸ
192 927 221 988 Β
229 926 306 987 ΔΓ·
340 924 452 1010 πολλῶ
476 918 543 1005 ἄρα
566 917 587 1005 ἡ
610 916 675 987 ὑπὸ
701 925 807 986 ΒΔΓ
825 926 945 1006 μείζων
968 922 1037 990 ἐστὶ
1059 927 1119 1008 τῆς

103 1024 169 1095 ὑπὸ
193 1033 301 1095 ΒΑΓ.

168 1129 247 1200 Ἐὰν
279 1131 345 1219 ἄρα
376 1130 545 1218 τριγώνου
572 1130 625 1199 ἐπὶ
650 1128 739 1217 Λμιοῖς
770 1135 837 1199 τῶν
869 1136 1024 1220 πλευρῶν
1052 1130 1117 1201 ἀπὸ

53 1259 84 1306 10
103 1241 171 1306 τῶν
199 1239 351 1322 περάτων
375 1239 437 1306 δύο
461 1235 592 1305 εὐθεῖαι
620 1236 715 1316 ἐντὸς
738 1242 969 1322 συσταθῶσιν,
1002 1242 1041 1305 αιρ
1062 1259 1118 1306 συ-

105 1352 281 1412 σταθεῖσαι
312 1348 382 1413 τῶν
416 1348 544 1413 λοιπῶν
574 1347 636 1413 τοῦ
668 1342 837 1431 τριγῶνου
869 1343 932 1412 δύο
965 1349 1118 1431 πλευρῶν

105 1448 278 1530 ἐλάττονες
310 1451 372 1536 μέν
395 1455 493 1537 εἰσιν,
518 1457 653 1536 μείζονα
678 1450 715 1518 δὲ
738 1456 866 1536 γωνίαν
889 1451 1118 1538 περιέχουσιν·

106 1555 188 1645 ὅπερ
213 1561 280 1625 ἔδει
305 1558 418 1638 δεῖξαι.

577 1643 647 1731 νβ’.

56 1788 89 1838 15
172 1766 230 1836 Ἐκ
253 1772 374 1857 τριῶν
398 1767 585 1854 εὐθειῶν,
610 1771 652 1835 αἵ
673 1773 776 1836 εἰσιν
800 1778 885 1836 ῖσαι
909 1770 1016 1858 τρισί
1034 1784 1120 1850 ταῖς

106 1881 314 1954 δοθείσαις
342 1871 565 1960 [εὐθείαις],
599 1881 798 1964 τρίγωνον
829 1875 1119 1964 συστήσασθαι·

107 1988 168 2050 δεῖ
190 1980 323 2061 δὲτὰς
346 1979 418 2049 δύο
442 1985 504 2067 τῆς
527 1985 669 2067 λοιπῆς
691 1986 874 2066 μείζονας
897 1979 1003 2051 εἶναι
1026 1982 1119 2050 πάν-

106 2116 149 2178 τῃ
178 2089 583 2175 μεταλαμβανομένας
611 2084 691 2171 [διὰ
718 2087 760 2155 τὸ
785 2089 850 2156 καὶ
873 2088 1017 2169 παντὸς
1039 2115 1121 2178 τρι-

106 2195 239 2282 γῶνου
269 2192 338 2273 τὰς
366 2193 437 2262 δύο
467 2193 640 2282 πλευρὰς
667 2198 735 2279 τῆς
762 2200 906 2281 λοιπῆς
937 2200 1121 2282 μείζονας

55 2319 89 2369 20
109 2300 214 2369 εἶναι
238 2303 363 2388 πάντῃ
387 2302 818 2388 μεταλαμβανομένας].

166 2404 340 2475 Ἔστωσαν
367 2410 404 2474 αί
430 2411 585 2474 δοθεῖσαι
612 2418 701 2494 τρεῖς
729 2404 859 2472 εὐθεῖαι
883 2407 921 2472 αι’
942 2414 974 2471 Α
980 2456 989 2491 ,
1012 2412 1060 2490 Β,
1082 2412 1120 2491 Γ,

107 2505 156 2580 ῶν
187 2517 223 2579 αί
245 2513 307 2581 δύο
330 2517 390 2599 τῆς
411 2516 530 2599 λοιπῆς
552 2517 699 2598 μείζονες
721 2517 871 2579 ἔστωσαν
893 2509 1000 2598 πάντῃ
1026 2537 1121 2597 μετα-

107 2618 369 2706 λαμβανόμεναι,
393 2623 431 2686 αί
451 2618 513 2706 μὲν
532 2627 574 2704 Α,
597 2625 627 2685 Β
645 2620 704 2703 τῆς
722 2622 759 2705 Γ,
782 2620 819 2684 αἱ
836 2616 874 2684 δὲ
893 2625 934 2702 Α,
958 2622 990 2683 Γ
1003 2621 1061 2702 τῆς
1079 2625 1119 2702 Β,

107 2726 164 2793 καὶ
187 2731 235 2793 ἔτι
259 2729 295 2792 αί
316 2733 356 2811 Β,
379 2731 412 2793 Γ
430 2729 488 2811 τῆς
511 2734 555 2792 Α·
585 2728 639 2792 δεῖ
661 2720 702 2809 δὴ
727 2726 763 2790 ἐτι
785 2728 854 2792 τῶν
879 2731 962 2791 ίσων
985 2736 1057 2802 ταῖς
1079 2733 1121 2809 Α,

57 2852 92 2902 25
110 2839 148 2918 Β,
172 2838 204 2899 Γ
223 2838 389 2918 τρίγωνον
414 2829 655 2915 συστήσασθαι.

175 2935 356 3006 Ἐκκείσθω
379 2962 428 3016 τις
447 2933 565 3002 εὐθεῖα
584 2931 604 3020 ἡ
625 2941 695 3001 ΔΕ
712 2935 940 3023 πεπερασμένη
960 2936 1023 3023 μὲν
1039 2934 1121 3004 κατὰ

111 3067 204 3074 ..υ-,ῃ-
212 3066 323 3072 ---.-

181 3113 265 3167 XXII.
295 3113 409 3168 Proclus
427 3131 454 3182 p.
471 3117 587 3180 102,16.
625 3110 759 3166 Eutooius
783 3111 814 3165 in
832 3111 1014 3182 Apollonium
1037 3132 1064 3183 p.
1081 3120 1122 3170 10.

111 3184 351 3325 gzztigsggbff,
369 3190 382 3237 1
403 3183 508 3252 (male).
546 3184 656 3252 partem
680 3183 928 3238 demonstrationis
950 3178 1040 3239 habet
1058 3185 1122 3237 Pro·

112 3370 115 3374 .
130 3366 324 3376 ..βω-*-

184 3423 208 3470 2.
229 3411 321 3487 ἐντός]
342 3411 383 3471 ἐν·
403 3415 432 3468 in
450 3431 503 3470 ras.
523 3413 549 3468 b.
606 3409 692 3485 ἐστίν]
712 3413 772 3482 PF3
794 3409 855 3468 ἐστι’
870 3413 964 3482 uulgo,
1030 3414 1123 3483 ΓΔΕ]

108 3505 126 3538 ο
144 3505 212 3541 οων,
233 3487 257 3539 Γ
276 3506 312 3540 m,
330 3494 358 3552 23
386 3487 486 3542 mutat.
505 3485 535 3540 in
556 3488 641 3540 ΓΕΔ
660 3485 693 3540 V.
785 3481 853 3556 ἄρα]
875 3501 959 3555 supra
976 3484 1006 3539 F.
1099 3490 1124 3538 3.
