2356 3818
485 159 696 212 PRAEFATIO.
1043 159 1095 210 vn

81 311 141 391 est,
163 307 334 390 plerosque
358 325 472 370 omnes
495 303 620 369 codices
640 324 657 367 e
676 301 863 368 recensione
877 300 1020 366 Theonis
1039 299 1096 363 flu·

81 413 176 496 nisse,
198 414 231 475 et
253 409 451 475 Uaticanum
475 408 633 493 Peyrardi
656 408 762 472 solum
784 407 852 471 fere
876 407 1094 492 antiquiorem

81 518 220 583 formam
249 537 404 582 seruasse.
452 536 548 599 quem
570 514 714 580 fructum
738 534 776 579 ex
800 513 861 579 hoc
884 534 962 578 casu
984 513 1094 598 singu·

80 624 142 688 lari
165 644 280 707 capere
303 622 408 706 liceat,
433 626 465 686 et
489 643 587 705 quam
610 621 772 686 rationem
798 619 924 686 critices
942 619 1095 684 factitan-

80 729 140 794 dae
163 729 239 795 inde
264 729 355 813 sequi
379 730 505 811 putem,
527 727 677 811 pluribus
702 710 836 809 exposui
857 725 893 788 in
913 724 1013 808 libro,
1042 725 1098 809 qui

81 834 271 900 inscribitur
295 832 431 897 Studien
454 831 668 897 iiberEuind
692 854 723 916 p.
740 832 801 895 177
814 853 861 914 sq.
882 829 944 895 hoc
968 830 1098 914 quidem

83 941 197 1006 statim
222 938 382 1023 adparuit,
404 937 545 1022 primum
569 938 716 1004 omnium
739 936 881 1002 codicem
895 934 1099 1021 Uaticanum,

84 1068 102 1111 e
131 1066 197 1128 quo
220 1042 400 1128 Peyrardus
429 1065 467 1108 ea
490 1043 561 1109 sola
584 1046 793 1127 emicuerat,
822 1042 956 1128 quaesi
980 1062 1100 1108 memo·

84 1149 201 1216 rabilia
223 1149 434 1232 uidebantur,
464 1149 612 1232 quamuis
635 1150 704 1233 ipse
729 1148 824 1215 aliter
845 1148 1024 1232 praedicet,
1047 1147 1100 1212 de-

83 1279 149 1322 nuo
174 1255 346 1340 diligenter
374 1275 445 1320 erse
467 1254 698 1322 conferendum
721 1258 755 1320 et
776 1257 945 1340 praeterea
968 1276 1008 1319 ex
1030 1254 1101 1319 reli·

85 1363 157 1447 quis
181 1361 345 1428 codicibus
372 1363 503 1426 tantum
524 1381 709 1442 numerum,
738 1363 774 1424 ut
796 1360 866 1426 ueri
890 1360 1039 1426 similiter
1062 1359 1101 1424 de

86 1468 248 1551 scriptura
269 1464 412 1532 Theonis
436 1466 573 1532 iudicari
594 1470 716 1550 posset
762 1488 827 1550 qua
854 1467 889 1531 in
915 1488 951 1531 re
974 1466 1101 1532 codices

85 1572 313 1656 Bodleianum‚
340 1571 610 1656 Laurentianum,
638 1570 929 1637 Uindobonensem
952 1571 1099 1637 sufficere

86 1679 208 1764 putaui,
231 1678 424 1762 praesertim
447 1699 520 1743 cum
544 1677 845 1761 animaduerterem,
867 1699 923 1743 eos
946 1700 966 1742 a
985 1678 1099 1762 palim-

87 1788 195 1868 psesto
220 1783 329 1850 codice
352 1783 478 1850 saeculi
490 1782 556 1849 VH
578 1784 631 1848 uel
644 1781 741 1868 VIII,
764 1783 878 1867 quiin
900 1781 1013 1848 Museo
1033 1782 1102 1848 Bri·

87 1891 220 1956 tannico
245 1890 447 1972 adseruntur,
469 1910 537 1954 non
560 1889 733 1954 admodum
753 1889 944 1972 discrepare.
973 1887 1036 1953 hos
1054 1911 1104 1954 co-

88 1995 176 2060 dices
205 2017 265 2078 pro
291 1995 506 2061 fundamento
529 1993 646 2078 habui,
678 1994 734 2058 sed
757 1992 798 2058 ad
821 2013 876 2059 eos
899 1993 935 2057 in
956 1995 1104 2078 partibus

89 2098 287 2183 quibusdam
310 2100 416 2185 operis
442 2099 500 2164 ulii
524 2099 732 2164 adcesserunt
755 2103 800 2182 et,
823 2102 988 2184 nesporo,
1012 2102 1102 2168 adce-

89 2205 181 2288 dent,
212 2205 302 2270 uelut
324 2205 359 2269 in
383 2205 446 2271 hoc
469 2205 574 2290 primo
597 2205 761 2275 uolumine
783 2204 951 2273 Parisinus
974 2208 1104 2292 quidam

89 2314 121 2375 ot
148 2309 184 2375 in
212 2311 316 2394 primo
347 2312 432 2378 libro
456 2309 678 2378 Bononiensis.
722 2312 810 2379 hunc
832 2334 875 2379 ne
897 2316 1005 2380 totum
1029 2336 1105 2380 con-

88 2415 217 2502 ferrem,
235 2416 472 2500 prohibuerunt
485 2419 641 2502 temporis
657 2418 837 2504 angustiae,
855 2420 911 2485 sed
931 2441 1004 2503 spes
1024 2419 1104 2484 mihi

90 2526 152 2606 est,
180 2544 231 2587 me
259 2523 352 2588 breui
380 2529 509 2609 partem
536 2525 695 2609 reliquam
717 2525 862 2591 conferre
885 2547 994 2610 posse3
1028 2547 1104 2590 nam

90 2629 125 2692 in
158 2628 250 2694 libris
281 2631 533 2696 stereometriois
564 2631 617 2697 hic
650 2631 750 2699 codex
783 2632 916 2697 maximi
948 2631 1107 2698 momenti

91 2737 156 2800 est.
210 2735 249 2801 de
281 2737 395 2802 ceteris
429 2735 583 2802 subsidiis
615 2737 725 2820 nouis,
759 2738 842 2802 sicut
873 2737 913 2803 de
943 2737 1107 2803 codicibus

92 2861 226 2922 operum
248 2841 424 2925 minorum,
453 2841 488 2905 in
509 2841 766 2926 praefationibus
791 2843 993 2927 singulorum
1016 2843 1108 2908 uolu-

91 2945 218 3010 minum
241 2946 373 3014 dicetur.

161 3049 327 3117 Confiteor
353 3052 454 3137 igitur
481 3053 551 3118 fieri
572 3076 682 3138 posse,
711 3057 748 3119 ut
770 3054 854 3120 inter
877 3053 1001 3118 codices
1024 3074 1105 3118 non-

93 3156 170 3220 dum
204 3157 343 3223 collatos
376 3158 480 3224 lateat
511 3159 683 3225 thesaurus
718 3159 834 3242 aliquis
869 3156 987 3244 (neque
1023 3159 1109 3222 enim

94 3283 208 3327 omnes
236 3262 432 3329 recentiores
462 3267 539 3330 sunt
565 3287 626 3330 nec
654 3263 849 3329 recentiores
873 3285 1001 3346 semper
1025 3283 1110 3345 sper-

94 3364 221 3454 nendi),
245 3369 300 3453 qui
320 3391 393 3433 mea
412 3368 557 3435 subsidia
574 3370 629 3435 uei
648 3358 851 3451 aecuet‘ueh
865 3367 977 3432 etham
989 3365 1148 3451 superea·

96 3472 154 3537 sed
178 3495 248 3539 cum
271 3495 336 3540 non
358 3474 505 3544 maxime
530 3477 578 3546 sit
595 3479 675 3546 ueri
693 3474 954 3561 admitahaeea
970 3458 1161 3546 ΨΜ
