2356 3818
75 160 142 225 244
457 161 660 221 ΣΤΟΙΧΒΙΩΝ
677 156 716 231 γ’.

75 313 143 372 τῶν
171 302 208 371 δέ
236 305 273 371 έν
302 316 373 383 τοῖς
394 301 531 384 κύκλοις
553 301 869 391 τετραπλεύρωναί
888 299 1095 370 ἀπεναντίον

76 413 196 496 γωνίαι
229 409 328 478 δυσὶν
361 411 482 495 ὀρθαῖς
509 417 580 476 ίσαι
611 414 698 479 είσίν
725 412 778 493 [αλ
799 407 868 498 ἄρα
888 405 954 479 ὑπὸ
983 412 1096 493 ΑΒΓ,

77 525 109 583 Α
115 522 149 583 Δ
154 521 186 584 Γ
195 521 316 601 γωνίαι
330 516 430 585 δυσὶν
449 512 571 602 ὀρθαῖς
589 523 660 583 ίσαι
677 520 791 602 είοίν],
808 519 870 583 καί
884 515 975 583 ἐστιν
988 509 1010 600 ῆ
1024 509 1094 585 ὑπὸ

78 627 181 691 ΑΒΓ
200 621 345 691 ἐλάττων
368 619 492 709 ὀρθῆς·
517 620 617 709 λοιπή
642 619 709 709 ἄρα
731 619 753 708 ῆ
777 618 843 689 ὐπὸ
857 627 969 689 ΑΔΓ
987 622 1096 706 γωνία

46 742 60 791 b
79 733 199 813 μείζων
223 725 332 816 ὀρθῆς
354 729 462 796 έοτιν·
485 733 545 796 καί
565 730 657 797 έστιν
681 731 717 797 έν
740 731 786 822 τῷ
811 732 919 795 ΑΔΓ
942 724 1096 794 ἐλάττονι

78 837 140 901 τοῦ
163 830 363 920 ἡμικυκλίου
384 833 537 921 τμήματι.
808 851 814 861 ·

147 940 256 1027 Λέγω,
280 938 333 1008 ὅτι
354 941 410 1008 καὶ
433 938 455 1028 ή
478 941 541 1028 μὲν
559 944 620 1010 τοῦ
635 946 785 1029 μείζονος
802 938 971 1027 τμήματος
987 942 1097 1025 γωνία

80 1043 101 1132 ῆ
134 1047 350 1134 περιεχομένη
384 1043 451 1115 ὐπό
486 1053 549 1132 [τε]
581 1051 640 1134 τῆς
667 1052 770 1115 ΑΒΓ
799 1049 1012 1134 περιφερείας
1039 1043 1097 1112 καί

80 1156 138 1238 τῆς
161 1157 231 1219 ΑΓ
249 1148 385 1231 εὐθείας
407 1158 527 1239 μείζων
551 1154 642 1222 ἐστὶν
664 1151 788 1241 ὀρθῆς,
812 1149 833 1238 ή
858 1151 896 1219 δέ
918 1154 978 1220 τοῦ
1003 1150 1096 1219 έλοίτ-

46 1272 179 1337 οτονος
210 1256 379 1344 τμήματος
409 1265 516 1345 γωνία
545 1255 566 1345 ή
598 1258 815 1346 περιεχομένη
845 1254 913 1326 ὑπό
948 1262 1010 1342 [τε]
1039 1261 1098 1343 τῆς

81 1368 214 1448 ΑΔ[Γ]
230 1371 441 1453 περιφερείας
458 1365 516 1434 καὶ
533 1368 593 1453 τῆς
610 1370 680 1432 ΑΓ
696 1361 832 1444 εὐθείας
847 1364 990 1433 έλοίττων
1006 1363 1097 1432 ἐστὶν

83 1466 198 1558 ὀρθῆς.
234 1476 294 1538 καί
313 1473 404 1541 ἐστιν
427 1469 577 1540 αὐτόθεν
600 1469 761 1558 φανερόν.
802 1468 873 1538 ἐπεὶ
895 1467 960 1557 γὰρ
983 1466 1005 1556 ἡ
1028 1466 1096 1541 ὑπὸ

82 1579 151 1644 τῶν
175 1583 257 1662 ΒΑ,
281 1584 349 1645 ΑΓ
377 1576 523 1646 εὐθειῶν
557 1574 646 1665 ὀρθή
679 1578 781 1662 ἐστιν,
813 1572 834 1661 ή
861 1573 928 1664 ἄρα
950 1572 1099 1662 ὑπὸτῆς

83 1689 187 1751 ΑΒΓ
213 1690 424 1772 περιφερείας
450 1685 507 1753 καὶ
534 1688 593 1770 τῆς
620 1689 690 1752 ΑΓ
717 1681 854 1762 εὐθείαις
879 1683 1098 1770 περιεχομένη

50 1795 204 1875 ιμειςωι
228 1790 318 1858 ἐστιν
343 1788 460 1879 ὀρθῆς.
493 1789 606 1874 πάλιν,
630 1786 739 1876 καὶὴ
762 1786 920 1874 {naam
938 1794 1018 1874 ΑΓ,
1033 1794 1099 1856 ΑΖ

84 1895 229 1966 εὐθειῶν
258 1893 347 1985 ὀρθή
371 1898 476 1982 ἐστιν,
499 1893 520 1983 ή
543 1894 609 1984 ὀρα
631 1892 698 1963 ὑπὸ
721 1899 780 1982 τῆς
802 1901 863 1963 ΓΑ
884 1891 1021 1973 εὐθείας
1042 1893 1099 1961 καὶ

83 2007 143 2090 τῆς
165 2011 236 2072 ΑΔ
243 2009 301 2089 [Γ]
336 2008 547 2092 περιφερείας
578 2002 794 2090 περιεχομένη
828 1999 975 2070 ἐλάττων
1008 2001 1100 2071 ἐστὶν

87 2107 201 2197 ὀρθῆς.

150 2211 207 2282 Ἐν
229 2215 339 2308 κύκλμ
364 2214 430 2304 ἄρα
448 2212 469 2302 ῆ
488 2215 551 2301 μὲν
569 2217 606 2283 έν
624 2219 670 2307 τῷ
689 2211 872 2305 ἡμικυκλίῳ
887 2219 994 2300 γωνία
1010 2210 1100 2300 ὀρθῆ

46 2336 70 2384 ιο
89 2321 190 2405 ἐστιν,
218 2317 239 2405 ή
264 2320 302 2388 δέ
324 2323 361 2388 ἐν
383 2325 429 2412 τῷ
453 2325 579 2406 μείζονι
601 2319 744 2408 τμήματι
767 2319 913 2388 ἐλάττων
937 2317 1055 2406 ὀρθῆς,
1078 2316 1099 2406 ῆ

87 2425 125 2493 δὲ
148 2427 185 2494 ἐν
209 2429 254 2518 τῷ
279 2424 429 2493 ἐλάττονι
450 2423 618 2512 [τμήματι]
642 2432 762 2513 μείζων
786 2422 905 2513 ὀρθῆς,
928 2425 983 2492 καὶ
1008 2429 1055 2492 ἔτι
1079 2422 1100 2512 ῆ

87 2531 149 2617 μέν
162 2536 224 2598 τοῦ
238 2537 387 2618 μείζονος
396 2530 564 2618 τμήματος
577 2536 709 2618 [γωνία]
721 2536 841 2619 μείζων
854 2531 972 2616 [ἐστὶν]
984 2527 1103 2619 ὀρθῆς,

159 2732 184 2780 2.
204 2723 237 2780 αί
253 2722 357 2794 ἄρα-
372 2733 396 2781 3.
417 2724 487 2781 εἰσίν
523 2744 579 2797 mg.
598 2743 635 2780 m.
654 2741 708 2780 rec.
728 2727 760 2784 P.
869 2731 894 2780 3.
913 2725 1026 2795 γωνίαι]
1046 2740 1102 2780 om.

88 2797 145 2866 Bp.
227 2795 310 2868 είοίν]
329 2797 392 2864 BF3
412 2796 468 2852 είοί
512 2799 569 2867 Vp.
648 2802 673 2851 4.
693 2792 788 2921 latmi}
808 2803 875 2850 m.2
894 2795 924 2849 Γ.
997 2795 1101 2866 γωνία]

88 2867 149 2934 PF3
169 2885 223 2922 om.
242 2867 329 2938 BVp.
418 2874 444 2923 ὅ.
464 2865 554 2937 ὀρθῆς
572 2863 660 2938 ἔστιν]
680 2866 742 2932 PF3
789 2868 861 2937 ρθῆς
880 2863 939 2922 ἔστι
957 2867 996 2934 V;
1026 2861 1103 2921 ἔστιν

88 2934 180 3008 ὀρθῆς
197 2939 251 3008 Bp.
311 2934 665 3010 ίοτιν](ο1ί.)οω.]ί(εο
686 2955 718 2992 ra
735 2938 785 2992 καλ
803 2933 835 2992 ἐν
852 2939 926 3006 τοο).
998 2941 1088 2991 ΑΔΓ

89 3009 120 3079 Ρ,
139 3008 169 3078 Γ,
188 3008 214 3063 V
232 3013 295 3080 (ras.
314 3013 421 3080 supra.);
441 3027 495 3065 om.
514 3011 569 3079 Bp.
661 2957 773 3064 ὀλύτονι
791 3009 822 3065 Ρ.
909 3015 934 3063 7.
953 3002 1019 3133 aa}
1029 3008 1061 3075 Ρ,

89 3074 372 3150 m.1;6rj,3uBV
398 3081 532 3148 ‚Fm.2
552 3082 662 3150 (eum).
736 3086 760 3135 8.
779 3079 821 3150 τε]
841 3080 877 3147 Ρς
896 3079 992 3135 om.B
1025 3077 1085 3148 Vp.

89 3153 185 3222 ΑΒΓ]
205 3152 240 3216 Ρ;
268 3155 352 3205 ΑΗΒ
374 3100 397 3204 Γ
416 3170 453 3208 m.
471 3168 535 3220 rec„
555 3150 612 3219 BF,
639 3151 666 3204 V
683 3157 765 3219 ποθ,
793 3167 867 3218 pm.
884 3157 913 3216 13
941 3153 1106 3205 ABI’cum

89 3241 143 3278 ras.
164 3230 177 3278 1
198 3222 252 3278 litt.
270 3223 344 3278 inter
360 3227 383 3275 A
402 3226 431 3278 et
449 3227 470 3276 B
489 3222 515 3276 V
533 3241 570 3277 m.
586 3228 614 3290 13
635 3225 661 3276 Γ
677 3220 741 3276 add.
760 3240 779 3291 p
797 3240 834 3276 m.
852 3238 907 3276 ree.
980 3227 1004 3275 9.
1032 3221 1105 3292 ΑΓ]

91 3297 119 3348 Γ
133 3293 163 3347 in
181 3311 236 3350 ras.
255 3312 291 3349 m.
310 3310 365 3349 rec.
384 3292 415 3350 B.
489 3293 602 3362 μείζων]
622 3293 694 3362 μείζ-
713 3293 743 3345 in
760 3309 814 3349 ras.
834 3311 870 3348 m.
885 3291 986 3348 rec.B.
1061 3298 1105 3348 10.

90 3365 133 3434 τε]
153 3367 188 3431 Ρ;
207 3381 262 3418 om.
280 3365 393 3434 BFVp.
454 3370 495 3418 11.
514 3364 614 3436 ΑΔΓ]
635 3364 771 3420 Pinsert.
790 3381 826 3418 m.
843 3370 857 3418 1
877 3362 906 3417 F.
967 3358 1105 3436 ἐλάττων]

90 3435 121 3488 in
138 3450 192 3489 ras.
212 3454 248 3488 m.
267 3452 323 3490 rec.
342 3436 372 3490 B.
465 3441 506 3490 12.
532 3429 565 3524 ἡ]
584 3432 602 3504 ἡ
621 3432 807 3504 περιεχομένη
826 3436 916 3503 γωνία
934 3433 968 3488 V.
1061 3440 1106 3491 13.

76 3499 175 3574 σ’ρθή]
188 3506 277 3560 PFV
291 3506 332 3576 (in
352 3507 377 3562 F
394 3508 461 3564 ante
482 3502 557 3579 ὀρθη
577 3505 662 3563 insat.
679 3503 867 3578 περιεχομένη
883 3506 972 3574 γωνία
988 3522 1046 3574 mg.
1066 3524 1107 3566 m.
