2356 3818
395 145 670 198 ELEMENTORUM
687 147 796 198 LIBER
814 148 860 201 IV.
1069 145 1133 209 311

119 289 265 356 tendens.
293 289 404 374 itaque
426 290 525 354 etiam
549 288 675 375 reliqua
697 289 800 355 latera
822 289 954 374 reliquis
977 291 1136 357 lateribus

119 396 269 480 aequalia
295 394 471 462 habebunt.
514 395 624 479 itaque
652 399 714 460 ΖΘ
729 426 771 451 =
787 399 862 460 ZK.
908 396 1058 463 similiter
1082 397 1135 464 de-

119 501 390 594 monstrabimus,
421 502 519 567 etiam
550 502 695 588 singulas
718 505 823 568 rectas
847 505 925 586 ZA,
953 506 1039 588 ZM,
1067 508 1141 571 ΖΗ

119 607 248 693 alr-ique
259 599 337 691 ΖΘ,
360 610 428 672 ΖΚ
441 607 593 694 aequales
616 629 695 674 esse.
727 609 837 693 itaque
861 609 1003 694 quinque
1026 612 1134 675 rectae

119 718 197 800 ZH,
219 718 290 796 ΖΘ,
312 718 388 794 ΖΚ,
410 718 484 798 ΖΛ,
508 718 585 780 ΖΜ
603 715 688 779 inter
712 737 746 780 se
770 714 921 800 aequales
945 719 1030 781 suut.
1072 715 1134 781 ita·

117 841 182 906 que
204 822 260 906 qui
282 825 394 887 centro
418 820 555 886 Zradio
579 824 689 898 autem
713 821 860 906 qualibet
881 825 1042 887 rectarum
1057 827 1134 908 ZH,

119 931 191 1012 ΖΘ,
214 930 289 1012 ΖΚ,
313 930 385 1013 ΖΛ,
408 932 486 993 ΖΜ
499 924 690 993 describitur
713 928 861 1012 circulus,
883 929 983 993 etiam
1006 949 1063 1012 per
1084 952 1133 995 re-

115 1033 208 1119 liqua
229 1037 353 1119 puncta
375 1034 484 1100 ueniet
506 1038 539 1099 et
560 1039 667 1101 rectas
685 1038 759 1115 AB,
783 1037 853 1119 ΒΓ,
877 1037 948 1118 ΓΔ,
970 1039 1047 1120 ΔΕ,
1065 1040 1133 1100 ΕΑ

115 1139 297 1225 continget,
320 1140 396 1225 quia
419 1140 531 1226 anguli
554 1140 595 1206 ad
617 1145 739 1226 puncta
760 1147 805 1227 H,
828 1146 866 1228 Θ,
888 1145 931 1228 Κ,
953 1145 993 1226 Λ,
1016 1146 1061 1208 Μ
1072 1165 1132 1227 po-

114 1245 174 1311 siti
196 1246 277 1313 recti
301 1249 385 1312 sunt.
419 1269 494 1312 nam
518 1249 546 1314 si
565 1269 631 1313 non
650 1250 826 1335 continget,
850 1248 979 1316 sedeas
999 1249 1132 1334 secabit,

114 1351 252 1436 accidet,
274 1355 314 1418 ut·
333 1355 423 1419 recta
441 1353 483 1418 ad
501 1353 694 1419 diametrum
717 1356 828 1421 circuli
847 1357 883 1420 in
900 1357 1038 1422 termino
1057 1377 1131 1440 per-

116 1458 334 1542 pendicularis
358 1457 454 1526 ducta
476 1457 565 1523 intra
587 1460 742 1524 circulum
762 1461 869 1544 cadat,
894 1460 979 1545 quod
998 1462 1129 1526 demon-

34 1558 36 1562 ’
115 1569 257 1631 stratum
287 1568 338 1630 est
360 1565 535 1631 absurdum
559 1585 629 1630 esse
654 1561 723 1652 ΠΗ,
749 1566 814 1647 16].
859 1566 968 1650 itaque
993 1567 1130 1632 circulus

115 1674 280 1737 centcm
311 1671 403 1737 radio
437 1675 545 1737 autem
578 1672 723 1758 qualibet
754 1675 917 1738 rectarum
947 1675 1028 1756 ZH,
1060 1676 1130 1755 ΖΘ,

116 1781 197 1861 ΖΚ,
220 1783 299 1863 ΖΛ,
322 1781 401 1843 ΖΜ
417 1778 598 1863 descriptus
621 1782 727 1844 rectas
750 1781 830 1863 AB,
854 1780 929 1862 ΒΓ,
952 1781 1027 1862 ΓΔ,
1052 1783 1129 1863 ΔΕ,

115 1887 184 1949 ΕΑ
209 1905 276 1949 non
299 1885 437 1971 secabit3
462 1904 539 1970 ergo
563 1905 617 1950 eas
641 1883 819 1971 continget.
867 1884 1068 1950 describatur
1089 1889 1127 1950 ut

115 1993 311 2057 ΗΘΚΛΜ

181 2096 272 2183 Ergo
296 2097 330 2161 in
348 2097 461 2162 datum
481 2097 768 2183 quinquangulum,
792 2095 877 2181 quod
893 2095 1127 2180 aequilaterum

115 2206 150 2266 et
181 2203 432 2288 aequiangulum
464 2206 527 2288 est,
564 2204 701 2269 circulus
734 2203 907 2286 inscriptus
925 2198 1003 2288 *est3
1041 2205 1129 2288 quod

115 2309 289 2393 oportebat
310 2309 388 2374 fieri.

571 2450 658 2517 XIV.

181 2571 310 2640 Circum
334 2575 446 2640 datum
469 2575 760 2662 quinquangulum,
784 2579 869 2662 quod
893 2579 1127 2663 aequilaterum

112 2685 147 2746 et
169 2682 420 2766 aequiangulum
444 2685 502 2765 est,
526 2683 681 2747 circulum
705 2683 974 2750 circumscribere.

181 2784 231 2851 sic
260 2787 370 2851 datum
398 2787 691 2870 quinquangulum,
719 2788 804 2870 quod
834 2789 1065 2874 aequilaterum
1093 2795 1126 2856 et

11 2890 13 2894 ⁴
112 2889 364 2972 aequiangulum
398 2891 462 2972 est,
492 2892 668 2955 ΑΒΓΔΕ.
720 2895 850 2974 oportet
876 2894 977 2979 igitur
1004 2897 1124 2963 circum

115 2995 292 3057 ΑΒΓΔΕ
313 2993 593 3079 quinquangulum
617 2994 772 3060 circulum
791 2995 1060 3066 circumscribere.

963 3142 1124 3153 -——

113 3207 178 3273 ΖΚ,
198 3207 256 3271 ΖΛ,
277 3207 339 3257 ΖΜ
354 3198 459 3259 silla
426 3224 479 3258 ιων
498 3203 657 3276 Gregorius
737 3210 778 3259 16.
797 3199 911 3293 κυκλος]
931 3225 966 3261 m
981 3208 1051 3263 nV.

114 3281 156 3332 17
171 3245 334 3345 γεγράφθω
354 3269 472 3349 sicma
441 3271 548 3331 αίὲσιι
568 3271 831 3347 ἕγγεγγαμμέγοςῶ
810 3275 896 3339 carin
913 3293 967 3334 ras.
986 3296 1023 3334 m
1038 3280 1104 3336 ΖΚ.

111 3341 495 3416 iHOKAM]inras.;F
516 3346 572 3404 litt.
593 3349 773 3404 Ηθαοοιτ.
793 3366 829 3404 m.
846 3355 907 3420 lp.
1015 3356 1057 3407 20
1076 3350 1124 3422 γέ-

111 3437 235 3504 γραπτι
205 3438 235 3473 αι
256 3417 287 3487 V,
320 3390 523 3489 ἐπιγέγραπται
541 3419 571 3476 F
671 3424 713 3474 24.
734 3412 750 3474 ὅ
771 3414 858 3491 ccccv]
878 3436 931 3478 om.
951 3422 1005 3493 Bp.
1079 3428 1124 3480 26.

110 3485 240 3559 πεντάγω
219 3491 380 3563 twcv]mg.
400 3491 517 3548 mur
