<?xml version="1.0" encoding="UTF-8"?>
<!DOCTYPE html PUBLIC "-//W3C//DTD XHTML 1.0 Transitional//EN"
    "http://www.w3.org/TR/xhtml1/DTD/xhtml1-transitional.dtd">
<html xmlns="http://www.w3.org/1999/xhtml" xml:lang="en" lang="en">
 <head>
  <title>
</title>
<meta http-equiv="Content-Type" content="text/html;charset=utf-8" />
  <meta name='ocr-system' content='tesseract 3.04.00' />
  <meta name='ocr-capabilities' content='ocr_page ocr_carea ocr_par ocr_line ocrx_word'/>
</head>
<body>
  <div class='ocr_page' id='page_1' title='image "./euclidisoperaom07unkngoog_0008.png"; bbox 0 0 2356 3818; ppageno 0'>
   <div class='ocr_carea' id='block_1_1' title="bbox 431 798 800 884">
    <p class='ocr_par' dir='ltr' id='par_1_1' title="bbox 431 798 800 884">
     <span class='ocr_line' id='line_1_1' title="bbox 431 798 800 884; baseline 0 -2"><span class='ocrx_word' id='word_1_1' title='bbox 431 798 800 884; x_wconf 82' lang='lat' dir='ltr'><strong>PRAEFATIO.</strong></span> 
     </span>
    </p>
   </div>
   <div class='ocr_carea' id='block_1_2' title="bbox 558 981 665 988">
    <p class='ocr_par' dir='ltr' id='par_1_2' title="bbox 558 981 665 988">
     <span class='ocr_line' id='line_1_2' title="bbox 558 981 665 988; baseline 0 -1"><span class='ocrx_word' id='word_1_2' title='bbox 558 981 665 988; x_wconf 52' lang='grc' dir='ltr'>α..-</span> 
     </span>
    </p>
   </div>
   <div class='ocr_carea' id='block_1_3' title="bbox 10 1081 1176 3074">
    <p class='ocr_par' dir='ltr' id='par_1_3' title="bbox 170 1081 1120 1166">
     <span class='ocr_line' id='line_1_3' title="bbox 170 1081 1120 1166; baseline 0 -19"><span class='ocrx_word' id='word_1_3' title='bbox 170 1083 343 1148; x_wconf 74' lang='lat' dir='ltr'>Elementa</span> <span class='ocrx_word' id='word_1_4' title='bbox 357 1081 503 1148; x_wconf 80' lang='lat' dir='ltr'>Euclidis</span> <span class='ocrx_word' id='word_1_5' title='bbox 525 1104 628 1166; x_wconf 88' lang='lat' dir='ltr'>paene</span> <span class='ocrx_word' id='word_1_6' title='bbox 650 1105 709 1166; x_wconf 91' lang='lat' dir='ltr'>per</span> <span class='ocrx_word' id='word_1_7' title='bbox 732 1082 798 1147; x_wconf 88' lang='lat' dir='ltr'>tria</span> <span class='ocrx_word' id='word_1_8' title='bbox 816 1083 949 1147; x_wconf 89' lang='lat' dir='ltr'>saecula</span> <span class='ocrx_word' id='word_1_9' title='bbox 966 1103 1026 1166; x_wconf 89' lang='lat' dir='ltr'>pro</span> <span class='ocrx_word' id='word_1_10' title='bbox 1046 1081 1120 1147; x_wconf 87' lang='lat' dir='ltr'>fun·</span> 
     </span>
    </p>

    <p class='ocr_par' dir='ltr' id='par_1_4' title="bbox 104 1181 1119 1272">
     <span class='ocr_line' id='line_1_4' title="bbox 104 1181 1119 1272; baseline -0.002 -18"><span class='ocrx_word' id='word_1_11' title='bbox 104 1189 256 1254; x_wconf 90' lang='lat' dir='ltr'>damento</span> <span class='ocrx_word' id='word_1_12' title='bbox 275 1189 388 1254; x_wconf 91' lang='lat' dir='ltr'>critico</span> <span class='ocrx_word' id='word_1_13' title='bbox 408 1181 512 1255; x_wconf 90' lang='lat' dir='ltr'>solam</span> <span class='ocrx_word' id='word_1_14' title='bbox 532 1189 708 1254; x_wconf 79' lang='lat' dir='ltr'>editionem</span> <span class='ocrx_word' id='word_1_15' title='bbox 727 1189 908 1272; x_wconf 87' lang='lat' dir='ltr'>prinoipem</span> <span class='ocrx_word' id='word_1_16' title='bbox 926 1188 1119 1272; x_wconf 84' lang='lat' dir='ltr'>habuerunt,</span> 
     </span>
    </p>

    <p class='ocr_par' dir='ltr' id='par_1_5' title="bbox 23 1293 1119 1380">
     <span class='ocr_line' id='line_1_5' title="bbox 23 1293 1119 1380; baseline -0.001 -20"><span class='ocrx_word' id='word_1_17' title='bbox 23 1341 24 1344; x_wconf 19' lang='grc' dir='ltr'><strong>κ</strong></span> <span class='ocrx_word' id='word_1_18' title='bbox 104 1318 185 1380; x_wconf 86' lang='lat' dir='ltr'>quae</span> <span class='ocrx_word' id='word_1_19' title='bbox 208 1295 331 1379; x_wconf 91' lang='lat' dir='ltr'>prodiit</span> <span class='ocrx_word' id='word_1_20' title='bbox 353 1293 502 1359; x_wconf 85' lang='lat' dir='ltr'>Basileae</span> <span class='ocrx_word' id='word_1_21' title='bbox 527 1316 554 1358; x_wconf 91' lang='lat' dir='ltr'>a</span> <span class='ocrx_word' id='word_1_22' title='bbox 572 1293 676 1380; x_wconf 73' lang='lat'>15333·</span> <span class='ocrx_word' id='word_1_23' title='bbox 695 1316 773 1359; x_wconf 89' lang='lat' dir='ltr'>nam</span> <span class='ocrx_word' id='word_1_24' title='bbox 796 1293 975 1380; x_wconf 78' lang='lat' dir='ltr'>Gregorius</span> <span class='ocrx_word' id='word_1_25' title='bbox 999 1295 1035 1359; x_wconf 93' lang='lat' dir='ltr'>in</span> <span class='ocrx_word' id='word_1_26' title='bbox 1057 1295 1119 1359; x_wconf 91' lang='lat' dir='ltr'>ele·</span> 
     </span>
    </p>

    <p class='ocr_par' dir='ltr' id='par_1_6' title="bbox 103 1397 1120 1485">
     <span class='ocr_line' id='line_1_6' title="bbox 103 1397 1120 1485; baseline 0 -20"><span class='ocrx_word' id='word_1_27' title='bbox 103 1401 220 1465; x_wconf 88' lang='lat' dir='ltr'>mentis</span> <span class='ocrx_word' id='word_1_28' title='bbox 242 1404 332 1466; x_wconf 86' lang='lat' dir='ltr'>totus</span> <span class='ocrx_word' id='word_1_29' title='bbox 356 1401 423 1464; x_wconf 86' lang='lat' dir='ltr'>fere</span> <span class='ocrx_word' id='word_1_30' title='bbox 453 1400 495 1464; x_wconf 90' lang='lat' dir='ltr'>ab</span> <span class='ocrx_word' id='word_1_31' title='bbox 518 1397 576 1464; x_wconf 88' lang='lat' dir='ltr'>illa</span> <span class='ocrx_word' id='word_1_32' title='bbox 599 1400 742 1465; x_wconf 77' lang='lat' dir='ltr'>editione</span> <span class='ocrx_word' id='word_1_33' title='bbox 766 1401 894 1485; x_wconf 85' lang='lat' dir='ltr'>pendet.</span> <span class='ocrx_word' id='word_1_34' title='bbox 941 1401 1026 1484; x_wconf 94' lang='lat' dir='ltr'>quod</span> <span class='ocrx_word' id='word_1_35' title='bbox 1048 1400 1120 1465; x_wconf 90' lang='lat' dir='ltr'>fun-</span> 
     </span>
    </p>

    <p class='ocr_par' dir='ltr' id='par_1_7' title="bbox 103 1504 1176 1697">
     <span class='ocr_line' id='line_1_7' title="bbox 103 1504 1119 1591; baseline 0.001 -21"><span class='ocrx_word' id='word_1_36' title='bbox 103 1507 291 1572; x_wconf 87' lang='lat' dir='ltr'>damentum</span> <span class='ocrx_word' id='word_1_37' title='bbox 314 1507 408 1590; x_wconf 89' lang='lat' dir='ltr'>quale</span> <span class='ocrx_word' id='word_1_38' title='bbox 430 1505 543 1585; x_wconf 89' lang='lat' dir='ltr'>fuerit,</span> <span class='ocrx_word' id='word_1_39' title='bbox 565 1505 639 1569; x_wconf 90' lang='lat' dir='ltr'>inde</span> <span class='ocrx_word' id='word_1_40' title='bbox 662 1505 877 1591; x_wconf 81' lang='lat' dir='ltr'>intellegitur,</span> <span class='ocrx_word' id='word_1_41' title='bbox 911 1507 998 1589; x_wconf 94' lang='lat' dir='ltr'>quod</span> <span class='ocrx_word' id='word_1_42' title='bbox 1020 1504 1119 1571; x_wconf 87' lang='lat' dir='ltr'>editio</span> 
     </span>
     <span class='ocr_line' id='line_1_8' title="bbox 104 1611 1176 1697; baseline 0 -21"><span class='ocrx_word' id='word_1_43' title='bbox 104 1612 301 1678; x_wconf 86' lang='lat' dir='ltr'>Basileensis</span> <span class='ocrx_word' id='word_1_44' title='bbox 325 1634 386 1697; x_wconf 87' lang='lat' dir='ltr'>pro</span> <span class='ocrx_word' id='word_1_45' title='bbox 410 1611 645 1677; x_wconf 88' lang='lat' dir='ltr'>consuetudine</span> <span class='ocrx_word' id='word_1_46' title='bbox 668 1611 756 1677; x_wconf 90' lang='lat' dir='ltr'>illius</span> <span class='ocrx_word' id='word_1_47' title='bbox 779 1612 936 1696; x_wconf 88' lang='lat' dir='ltr'>temporis</span> <span class='ocrx_word' id='word_1_48' title='bbox 960 1611 1001 1676; x_wconf 96' lang='lat' dir='ltr'>ad</span> <span class='ocrx_word' id='word_1_49' title='bbox 1023 1612 1119 1676; x_wconf 87' lang='lat' dir='ltr'>fidem</span> <span class='ocrx_word' id='word_1_50' title='bbox 1171 1633 1176 1640; x_wconf 91' lang='lat'><em>·</em></span> 
     </span>
    </p>

    <p class='ocr_par' dir='ltr' id='par_1_8' title="bbox 103 1717 1118 1802">
     <span class='ocr_line' id='line_1_9' title="bbox 103 1717 1118 1802; baseline -0.001 -19"><span class='ocrx_word' id='word_1_51' title='bbox 103 1719 375 1802; x_wconf 87' lang='lat' dir='ltr'>paucissimorum</span> <span class='ocrx_word' id='word_1_52' title='bbox 411 1740 470 1783; x_wconf 88' lang='lat' dir='ltr'>nee</span> <span class='ocrx_word' id='word_1_53' title='bbox 509 1718 707 1802; x_wconf 89' lang='lat' dir='ltr'>optimorum</span> <span class='ocrx_word' id='word_1_54' title='bbox 744 1717 890 1784; x_wconf 88' lang='lat' dir='ltr'>codicum</span> <span class='ocrx_word' id='word_1_55' title='bbox 930 1717 1018 1783; x_wconf 84' lang='lat' dir='ltr'>faeta</span> <span class='ocrx_word' id='word_1_56' title='bbox 1059 1721 1118 1802; x_wconf 89' lang='lat' dir='ltr'>cst,</span> 
     </span>
    </p>

    <p class='ocr_par' dir='ltr' id='par_1_9' title="bbox 104 1822 1120 1907">
     <span class='ocr_line' id='line_1_10' title="bbox 104 1822 1120 1907; baseline 0 -19"><span class='ocrx_word' id='word_1_57' title='bbox 104 1842 179 1888; x_wconf 90' lang='lat' dir='ltr'>cum</span> <span class='ocrx_word' id='word_1_58' title='bbox 201 1829 312 1890; x_wconf 91' lang='lat' dir='ltr'>tamen</span> <span class='ocrx_word' id='word_1_59' title='bbox 335 1825 569 1889; x_wconf 87' lang='lat' dir='ltr'>elementorum</span> <span class='ocrx_word' id='word_1_60' title='bbox 592 1827 644 1889; x_wconf 87' lang='lat' dir='ltr'>tot</span> <span class='ocrx_word' id='word_1_61' title='bbox 668 1826 795 1888; x_wconf 86' lang='lat' dir='ltr'>exstent</span> <span class='ocrx_word' id='word_1_62' title='bbox 818 1822 947 1889; x_wconf 87' lang='lat' dir='ltr'>codices</span> <span class='ocrx_word' id='word_1_63' title='bbox 966 1823 1120 1907; x_wconf 89' lang='lat' dir='ltr'>antiquis·</span> 
     </span>
    </p>

    <p class='ocr_par' dir='ltr' id='par_1_10' title="bbox 105 1927 1117 2014">
     <span class='ocr_line' id='line_1_11' title="bbox 105 1927 1117 2014; baseline 0.001 -21"><span class='ocrx_word' id='word_1_64' title='bbox 105 1930 181 1994; x_wconf 91' lang='lat' dir='ltr'>simi</span> <span class='ocrx_word' id='word_1_65' title='bbox 208 1935 241 1994; x_wconf 91' lang='lat' dir='ltr'>et</span> <span class='ocrx_word' id='word_1_66' title='bbox 267 1929 555 2013; x_wconf 76' lang='lat' dir='ltr'>praestantissimi,</span> <span class='ocrx_word' id='word_1_67' title='bbox 597 1933 677 2012; x_wconf 88' lang='lat' dir='ltr'>quot</span> <span class='ocrx_word' id='word_1_68' title='bbox 699 1928 788 1993; x_wconf 90' lang='lat' dir='ltr'>haud</span> <span class='ocrx_word' id='word_1_69' title='bbox 809 1927 907 1994; x_wconf 88' lang='lat' dir='ltr'>facile</span> <span class='ocrx_word' id='word_1_70' title='bbox 930 1928 1117 2014; x_wconf 85' lang='lat' dir='ltr'>cuiusquam</span> 
     </span>
    </p>

    <p class='ocr_par' dir='ltr' id='par_1_11' title="bbox 10 2033 1118 2139">
     <span class='ocr_line' id='line_1_12' title="bbox 10 2033 1118 2139; baseline 0 -39"><span class='ocrx_word' id='word_1_71' title='bbox 10 2109 16 2139; x_wconf 80' lang='lat'><em>,</em></span> <span class='ocrx_word' id='word_1_72' title='bbox 105 2035 275 2118; x_wconf 87' lang='lat' dir='ltr'>scriptoris</span> <span class='ocrx_word' id='word_1_73' title='bbox 300 2035 422 2101; x_wconf 85' lang='lat' dir='ltr'>Graeci.</span> <span class='ocrx_word' id='word_1_74' title='bbox 458 2036 568 2117; x_wconf 89' lang='lat' dir='ltr'>itaque</span> <span class='ocrx_word' id='word_1_75' title='bbox 592 2034 688 2100; x_wconf 91' lang='lat' dir='ltr'>initio</span> <span class='ocrx_word' id='word_1_76' title='bbox 711 2035 816 2100; x_wconf 86' lang='lat' dir='ltr'>nostri</span> <span class='ocrx_word' id='word_1_77' title='bbox 839 2035 961 2101; x_wconf 87' lang='lat' dir='ltr'>saeculi</span> <span class='ocrx_word' id='word_1_78' title='bbox 984 2033 1118 2121; x_wconf 82' lang='lat' dir='ltr'>Peyrar-</span> 
     </span>
    </p>

    <p class='ocr_par' dir='ltr' id='par_1_12' title="bbox 39 2139 1118 2226">
     <span class='ocr_line' id='line_1_13' title="bbox 39 2139 1118 2226; baseline 0.008 -27"><span class='ocrx_word' id='word_1_79' title='bbox 39 2192 43 2199; x_wconf 85' lang='lat'>.</span> <span class='ocrx_word' id='word_1_80' title='bbox 104 2141 165 2205; x_wconf 92' lang='lat' dir='ltr'>dus</span> <span class='ocrx_word' id='word_1_81' title='bbox 190 2140 312 2223; x_wconf 88' lang='lat' dir='ltr'>optime</span> <span class='ocrx_word' id='word_1_82' title='bbox 336 2140 374 2204; x_wconf 91' lang='lat' dir='ltr'>de</span> <span class='ocrx_word' id='word_1_83' title='bbox 398 2139 566 2205; x_wconf 85' lang='lat' dir='ltr'>elementis</span> <span class='ocrx_word' id='word_1_84' title='bbox 591 2140 723 2205; x_wconf 89' lang='lat' dir='ltr'>meritus</span> <span class='ocrx_word' id='word_1_85' title='bbox 748 2143 805 2226; x_wconf 86' lang='lat' dir='ltr'>est,</span> <span class='ocrx_word' id='word_1_86' title='bbox 828 2142 915 2226; x_wconf 91' lang='lat' dir='ltr'>quod</span> <span class='ocrx_word' id='word_1_87' title='bbox 937 2165 1037 2208; x_wconf 90' lang='lat' dir='ltr'>unum</span> <span class='ocrx_word' id='word_1_88' title='bbox 1057 2143 1118 2208; x_wconf 90' lang='lat' dir='ltr'>sal·</span> 
     </span>
    </p>

    <p class='ocr_par' dir='ltr' id='par_1_13' title="bbox 62 2246 1117 2333">
     <span class='ocr_line' id='line_1_14' title="bbox 62 2246 1117 2333; baseline 0.002 -22"><span class='ocrx_word' id='word_1_89' title='bbox 62 2251 171 2311; x_wconf 68' lang='lat' dir='ltr'>ecem</span> <span class='ocrx_word' id='word_1_90' title='bbox 193 2246 337 2313; x_wconf 89' lang='lat' dir='ltr'>codicem</span> <span class='ocrx_word' id='word_1_91' title='bbox 362 2246 532 2330; x_wconf 85' lang='lat' dir='ltr'>antiquum</span> <span class='ocrx_word' id='word_1_92' title='bbox 555 2249 588 2310; x_wconf 89' lang='lat' dir='ltr'>et</span> <span class='ocrx_word' id='word_1_93' title='bbox 612 2267 685 2311; x_wconf 87' lang='lat' dir='ltr'>curn</span> <span class='ocrx_word' id='word_1_94' title='bbox 710 2247 854 2314; x_wconf 89' lang='lat' dir='ltr'>omnium</span> <span class='ocrx_word' id='word_1_95' title='bbox 878 2250 1117 2333; x_wconf 85' lang='lat' dir='ltr'>praestantissi-</span> 
     </span>
    </p>

    <p class='ocr_par' dir='ltr' id='par_1_14' title="bbox 22 2351 1118 2440">
     <span class='ocr_line' id='line_1_15' title="bbox 22 2351 1118 2440; baseline 0.005 -23"><span class='ocrx_word' id='word_1_96' title='bbox 22 2431 28 2436; x_wconf 15' lang='grc' dir='ltr'>ἱ</span> <span class='ocrx_word' id='word_1_97' title='bbox 104 2375 207 2437; x_wconf 85' lang='lat' dir='ltr'>mum,</span> <span class='ocrx_word' id='word_1_98' title='bbox 240 2353 359 2437; x_wconf 88' lang='lat' dir='ltr'>quippe</span> <span class='ocrx_word' id='word_1_99' title='bbox 392 2351 448 2436; x_wconf 90' lang='lat' dir='ltr'>qui</span> <span class='ocrx_word' id='word_1_100' title='bbox 482 2353 702 2419; x_wconf 83' lang='lat' dir='ltr'>recensionem</span> <span class='ocrx_word' id='word_1_101' title='bbox 736 2353 869 2420; x_wconf 86' lang='lat' dir='ltr'>Theona</span> <span class='ocrx_word' id='word_1_102' title='bbox 902 2355 1118 2440; x_wconf 78' lang='lat' dir='ltr'>antiquiorem</span> 
     </span>
    </p>

    <p class='ocr_par' dir='ltr' id='par_1_15' title="bbox 13 2456 1118 2543">
     <span class='ocr_line' id='line_1_16' title="bbox 13 2456 1118 2543; baseline 0.002 -20"><span class='ocrx_word' id='word_1_103' title='bbox 13 2465 14 2468; x_wconf 74' lang='grc'>’</span> <span class='ocrx_word' id='word_1_104' title='bbox 104 2458 298 2543; x_wconf 84' lang='lat' dir='ltr'>contineret,</span> <span class='ocrx_word' id='word_1_105' title='bbox 321 2458 356 2522; x_wconf 91' lang='lat' dir='ltr'>in</span> <span class='ocrx_word' id='word_1_106' title='bbox 374 2457 515 2522; x_wconf 87' lang='lat' dir='ltr'>editione</span> <span class='ocrx_word' id='word_1_107' title='bbox 533 2456 714 2524; x_wconf 88' lang='lat' dir='ltr'>Basileensi</span> <span class='ocrx_word' id='word_1_108' title='bbox 738 2460 938 2524; x_wconf 87' lang='lat' dir='ltr'>emendanda</span> <span class='ocrx_word' id='word_1_109' title='bbox 962 2460 1118 2526; x_wconf 86' lang='lat' dir='ltr'>adhibuit.</span> 
     </span>
    </p>

    <p class='ocr_par' dir='ltr' id='par_1_16' title="bbox 103 2563 1117 2651">
     <span class='ocr_line' id='line_1_17' title="bbox 103 2563 1117 2651; baseline 0.002 -23"><span class='ocrx_word' id='word_1_110' title='bbox 103 2565 189 2631; x_wconf 91' lang='lat' dir='ltr'>hunc</span> <span class='ocrx_word' id='word_1_111' title='bbox 217 2565 360 2631; x_wconf 90' lang='lat' dir='ltr'>codicem</span> <span class='ocrx_word' id='word_1_112' title='bbox 389 2587 414 2629; x_wconf 91' lang='lat' dir='ltr'>e</span> <span class='ocrx_word' id='word_1_113' title='bbox 435 2565 570 2630; x_wconf 89' lang='lat' dir='ltr'>latebris</span> <span class='ocrx_word' id='word_1_114' title='bbox 599 2563 768 2631; x_wconf 80' lang='lat' dir='ltr'>Uaticanis</span> <span class='ocrx_word' id='word_1_115' title='bbox 801 2566 998 2650; x_wconf 86' lang='lat' dir='ltr'>protraxisse</span> <span class='ocrx_word' id='word_1_116' title='bbox 1026 2587 1117 2651; x_wconf 87' lang='lat' dir='ltr'>prae·</span> 
     </span>
    </p>

    <p class='ocr_par' dir='ltr' id='par_1_17' title="bbox 105 2671 1117 2756">
     <span class='ocr_line' id='line_1_18' title="bbox 105 2671 1117 2756; baseline 0 -20"><span class='ocrx_word' id='word_1_117' title='bbox 105 2672 322 2756; x_wconf 88' lang='lat' dir='ltr'>stantiamque</span> <span class='ocrx_word' id='word_1_118' title='bbox 346 2671 416 2736; x_wconf 90' lang='lat' dir='ltr'>eius</span> <span class='ocrx_word' id='word_1_119' title='bbox 441 2672 623 2756; x_wconf 83' lang='lat' dir='ltr'>agnouisse,</span> <span class='ocrx_word' id='word_1_120' title='bbox 647 2671 753 2756; x_wconf 83' lang='lat' dir='ltr'>gloria</span> <span class='ocrx_word' id='word_1_121' title='bbox 776 2674 827 2736; x_wconf 88' lang='lat' dir='ltr'>est</span> <span class='ocrx_word' id='word_1_122' title='bbox 849 2671 1008 2755; x_wconf 87' lang='lat' dir='ltr'>Peyrardi</span> <span class='ocrx_word' id='word_1_123' title='bbox 1029 2672 1117 2736; x_wconf 86' lang='lat' dir='ltr'>haud</span> 
     </span>
    </p>

    <p class='ocr_par' dir='ltr' id='par_1_18' title="bbox 44 2775 1117 2861">
     <span class='ocr_line' id='line_1_19' title="bbox 44 2775 1117 2861; baseline 0.002 -20"><span class='ocrx_word' id='word_1_124' title='bbox 44 2783 45 2786; x_wconf 73' lang='grc'>’</span> <span class='ocrx_word' id='word_1_125' title='bbox 103 2777 199 2860; x_wconf 89' lang='lat' dir='ltr'>parui</span> <span class='ocrx_word' id='word_1_126' title='bbox 229 2776 440 2842; x_wconf 84' lang='lat' dir='ltr'>aestimanda.</span> <span class='ocrx_word' id='word_1_127' title='bbox 486 2775 544 2841; x_wconf 89' lang='lat' dir='ltr'>sed</span> <span class='ocrx_word' id='word_1_128' title='bbox 571 2798 675 2860; x_wconf 91' lang='lat' dir='ltr'>neque</span> <span class='ocrx_word' id='word_1_129' title='bbox 702 2776 821 2859; x_wconf 88' lang='lat' dir='ltr'>ubique</span> <span class='ocrx_word' id='word_1_130' title='bbox 848 2782 936 2842; x_wconf 87' lang='lat' dir='ltr'>recto</span> <span class='ocrx_word' id='word_1_131' title='bbox 961 2779 1117 2861; x_wconf 91' lang='lat' dir='ltr'>firmoque</span> 
     </span>
    </p>

    <p class='ocr_par' dir='ltr' id='par_1_19' title="bbox 104 2881 1118 2967">
     <span class='ocr_line' id='line_1_20' title="bbox 104 2881 1118 2967; baseline 0 -19"><span class='ocrx_word' id='word_1_132' title='bbox 104 2882 223 2948; x_wconf 89' lang='lat' dir='ltr'>iudicio</span> <span class='ocrx_word' id='word_1_133' title='bbox 247 2882 282 2946; x_wconf 91' lang='lat' dir='ltr'>in</span> <span class='ocrx_word' id='word_1_134' title='bbox 304 2904 383 2947; x_wconf 90' lang='lat' dir='ltr'>uera</span> <span class='ocrx_word' id='word_1_135' title='bbox 406 2882 568 2966; x_wconf 88' lang='lat' dir='ltr'>scriptura</span> <span class='ocrx_word' id='word_1_136' title='bbox 587 2881 737 2967; x_wconf 86' lang='lat' dir='ltr'>eligenda</span> <span class='ocrx_word' id='word_1_137' title='bbox 759 2904 836 2946; x_wconf 90' lang='lat' dir='ltr'>usus</span> <span class='ocrx_word' id='word_1_138' title='bbox 862 2886 920 2965; x_wconf 87' lang='lat' dir='ltr'>est,</span> <span class='ocrx_word' id='word_1_139' title='bbox 945 2883 980 2948; x_wconf 92' lang='lat' dir='ltr'>in</span> <span class='ocrx_word' id='word_1_140' title='bbox 1002 2884 1118 2967; x_wconf 89' lang='lat' dir='ltr'>primis</span> 
     </span>
    </p>

    <p class='ocr_par' dir='ltr' id='par_1_20' title="bbox 24 2986 1118 3074">
     <span class='ocr_line' id='line_1_21' title="bbox 24 2986 1118 3074; baseline 0.005 -23"><span class='ocrx_word' id='word_1_141' title='bbox 24 3044 28 3051; x_wconf 93' lang='lat'>.</span> <span class='ocrx_word' id='word_1_142' title='bbox 104 2989 181 3073; x_wconf 87' lang='lat' dir='ltr'>quia</span> <span class='ocrx_word' id='word_1_143' title='bbox 203 2988 299 3053; x_wconf 89' lang='lat' dir='ltr'>bonis</span> <span class='ocrx_word' id='word_1_144' title='bbox 319 2987 484 3053; x_wconf 88' lang='lat' dir='ltr'>codicibus</span> <span class='ocrx_word' id='word_1_145' title='bbox 503 2987 700 3053; x_wconf 80' lang='lat' dir='ltr'>recensionis</span> <span class='ocrx_word' id='word_1_146' title='bbox 715 2986 858 3052; x_wconf 83' lang='lat' dir='ltr'>Theonis</span> <span class='ocrx_word' id='word_1_147' title='bbox 878 2989 990 3072; x_wconf 87' lang='lat' dir='ltr'>caruit,</span> <span class='ocrx_word' id='word_1_148' title='bbox 1013 3011 1118 3074; x_wconf 90' lang='lat' dir='ltr'>neque</span> 
     </span>
    </p>
   </div>
   <div class='ocr_carea' id='block_1_4' title="bbox 103 3093 1118 3178">
    <p class='ocr_par' dir='ltr' id='par_1_21' title="bbox 103 3093 1118 3178">
     <span class='ocr_line' id='line_1_22' title="bbox 103 3093 1118 3178; baseline 0.002 -19"><span class='ocrx_word' id='word_1_149' title='bbox 103 3095 272 3159; x_wconf 88' lang='lat' dir='ltr'>inuentum</span> <span class='ocrx_word' id='word_1_150' title='bbox 296 3116 390 3159; x_wconf 88' lang='lat' dir='ltr'>suum</span> <span class='ocrx_word' id='word_1_151' title='bbox 412 3094 519 3159; x_wconf 90' lang='lat' dir='ltr'>tenuit</span> <span class='ocrx_word' id='word_1_152' title='bbox 541 3097 692 3178; x_wconf 88' lang='lat' dir='ltr'>recteque</span> <span class='ocrx_word' id='word_1_153' title='bbox 716 3093 916 3158; x_wconf 85' lang='lat' dir='ltr'>aestimauit·</span> <span class='ocrx_word' id='word_1_154' title='bbox 941 3093 1004 3159; x_wconf 88' lang='lat' dir='ltr'>huc</span> <span class='ocrx_word' id='word_1_155' title='bbox 1028 3095 1118 3160; x_wconf 89' lang='lat' dir='ltr'>adoe-</span> 
     </span>
    </p>
   </div>
   <div class='ocr_carea' id='block_1_5' title="bbox 102 3197 1141 3391">
    <p class='ocr_par' dir='ltr' id='par_1_22' title="bbox 102 3197 1141 3391">
     <span class='ocr_line' id='line_1_23' title="bbox 104 3197 1116 3284; baseline 0.001 -19"><span class='ocrx_word' id='word_1_156' title='bbox 104 3200 165 3284; x_wconf 87' lang='lat' dir='ltr'>dit,</span> <span class='ocrx_word' id='word_1_157' title='bbox 198 3200 284 3284; x_wconf 90' lang='lat' dir='ltr'>quod</span> <span class='ocrx_word' id='word_1_158' title='bbox 312 3199 409 3266; x_wconf 87' lang='lat' dir='ltr'>editio</span> <span class='ocrx_word' id='word_1_159' title='bbox 438 3201 506 3266; x_wconf 90' lang='lat' dir='ltr'>eius</span> <span class='ocrx_word' id='word_1_160' title='bbox 535 3205 568 3265; x_wconf 87' lang='lat' dir='ltr'>et</span> <span class='ocrx_word' id='word_1_161' title='bbox 596 3197 751 3265; x_wconf 88' lang='lat' dir='ltr'>inhabilis</span> <span class='ocrx_word' id='word_1_162' title='bbox 780 3203 813 3262; x_wconf 88' lang='lat' dir='ltr'>et</span> <span class='ocrx_word' id='word_1_163' title='bbox 839 3198 891 3262; x_wconf 87' lang='lat' dir='ltr'>his</span> <span class='ocrx_word' id='word_1_164' title='bbox 914 3201 1116 3280; x_wconf 89' lang='lat' dir='ltr'>temporibus</span> 
     </span>
     <span class='ocr_line' id='line_1_24' title="bbox 102 3297 1141 3391; baseline -0.012 -21"><span class='ocrx_word' id='word_1_165' title='bbox 102 3312 245 3391; x_wconf 84' lang='lat' dir='ltr'>perrara</span> <span class='ocrx_word' id='word_1_166' title='bbox 259 3310 320 3389; x_wconf 84' lang='lat' dir='ltr'>est3</span> <span class='ocrx_word' id='word_1_167' title='bbox 343 3327 404 3371; x_wconf 88' lang='lat' dir='ltr'>nec</span> <span class='ocrx_word' id='word_1_168' title='bbox 425 3306 458 3390; x_wconf 88' lang='lat' dir='ltr'>ii,</span> <span class='ocrx_word' id='word_1_169' title='bbox 482 3297 540 3389; x_wconf 92' lang='lat' dir='ltr'>qui</span> <span class='ocrx_word' id='word_1_170' title='bbox 562 3307 639 3389; x_wconf 88' lang='lat' dir='ltr'>post</span> <span class='ocrx_word' id='word_1_171' title='bbox 656 3301 866 3385; x_wconf 67' lang='lat' dir='ltr'>Peyrardum</span> <span class='ocrx_word' id='word_1_172' title='bbox 880 3301 1058 3366; x_wconf 60' lang='lat' dir='ltr'>domm</span> <span class='ocrx_word' id='word_1_173' title='bbox 1069 3302 1141 3359; x_wconf 48' lang='lat' dir='ltr'>aaa</span> 
     </span>
    </p>
   </div>
   <div class='ocr_carea' id='block_1_6' title="bbox 103 3396 1136 3495">
    <p class='ocr_par' dir='ltr' id='par_1_23' title="bbox 103 3396 1136 3495">
     <span class='ocr_line' id='line_1_25' title="bbox 103 3396 1136 3495; baseline -0.015 -19"><span class='ocrx_word' id='word_1_174' title='bbox 103 3411 234 3495; x_wconf 75' lang='lat' dir='ltr'>derunt,</span> <span class='ocrx_word' id='word_1_175' title='bbox 267 3409 414 3477; x_wconf 86' lang='lat' dir='ltr'>subsidia</span> <span class='ocrx_word' id='word_1_176' title='bbox 443 3409 562 3480; x_wconf 85' lang='lat' dir='ltr'>critica</span> <span class='ocrx_word' id='word_1_177' title='bbox 591 3413 767 3480; x_wconf 78' lang='lat' dir='ltr'>auxerunt</span> <span class='ocrx_word' id='word_1_178' title='bbox 786 3425 906 3490; x_wconf 48' lang='lat' dir='ltr'>nemus</span> <span class='ocrx_word' id='word_1_179' title='bbox 929 3396 1082 3463; x_wconf 63' lang='lat' dir='ltr'>omnim</span> <span class='ocrx_word' id='word_1_180' title='bbox 1097 3408 1136 3451; x_wconf 62' lang='lat' dir='ltr'>re</span> 
     </span>
    </p>
   </div>
   <div class='ocr_carea' id='block_1_7' title="bbox 0 0 1182 3818">
    <p class='ocr_par' dir='ltr' id='par_1_24' title="bbox 0 0 1182 3818">
     <span class='ocr_line' id='line_1_26' title="bbox 0 0 1182 3818; baseline 0 0"><span class='ocrx_word' id='word_1_181' title='bbox 0 0 1182 3818; x_wconf 95' lang='lat' dir='ltr'> </span> 
     </span>
    </p>
   </div>
  </div>
 </body>
</html>
