2356 3818
76 150 142 214 154
454 151 656 205 αιουιυιοα
674 147 713 223 μ’.

72 301 136 362 ΕΒ
156 299 213 361 ίσα
236 292 305 361 ἐστὶ
327 291 368 359 τὰ
391 291 457 361 ἀπὸ
480 295 548 360 τών
563 300 639 379 BA,
663 300 746 362 ΑΕ·
771 292 862 381 ὀρθὴ
883 291 947 384 γὰρ
965 291 987 378 ἡ
1005 289 1092 382 πρὸς

73 402 119 491 τῷ
142 409 176 466 Α
198 403 322 485 γωνία·
363 397 402 466 τὸ
435 397 501 486 ἀρα
533 395 600 468 ὑπὸ
627 403 696 467 τών
719 405 794 486 ΓΖ,
827 407 893 467 ΖΑ
918 397 999 485 μετά
1027 401 1093 466 τοῦ

73 501 138 573 ἀπὸ
167 510 226 591 τῆς
248 514 318 574 ΛΕ
338 514 413 574 ῖσον
437 507 506 574 ἐστὶ
529 520 598 587 τοῖς
620 505 685 576 ἀπὸ
709 511 778 576 τών
799 513 876 593 ΒΑ,
899 514 975 574 ΑΕ.
1020 531 1091 573 κοι-

73 611 137 680 νόν
160 609 351 700 ἀφῃρήσθω
374 611 412 680 τὸ
437 609 501 681 ἀπὸ
525 617 584 699 τῆς
606 621 687 682 ΛΕ·
728 611 848 681 λοιπὸν
872 609 937 699 ἀρα
959 609 997 679 τὸ
1021 609 1090 680 ὑπὸ

38 723 141 787 στών
164 725 240 805 ΓΖ,
265 726 330 786 ΖΑ
352 718 589 807 περιεχόμενον
613 717 827 807 ὀρθογώνιον
851 727 927 787 ίσον
951 717 1019 785 ἐστὶ
1042 722 1089 807 τῳ

74 822 139 892 ἀπὸ
168 829 227 912 της
249 832 315 892 AB
345 824 552 916 τετραγώνῳ.
596 831 656 893 καί
680 828 749 893 ἐστι
776 823 814 893 τὸ
842 824 903 911 μὲν
930 822 997 893 ὑπὸ
1019 827 1090 893 τών

74 937 146 1017 ΓΖ,
170 938 235 999 ΖΑ
256 929 295 998 τὸ
320 937 403 998 ΖΚ·
426 939 481 1017 ἴση
505 931 570 1018 γὰρ
593 928 613 1017 ἡ
637 938 703 998 ΑΖ
725 935 765 1020 τῇ
789 934 871 998 ΖΗ·
897 929 935 999 τὸ
960 929 998 998 δὲ
1020 927 1090 997 ἀπὸ

73 1041 132 1123 τῆς
155 1045 220 1105 AB
243 1036 281 1104 τὸ
306 1044 391 1104 ΑΛ·
414 1036 452 1104 τὸ
475 1019 542 1124 ἄρα
566 1043 632 1104 ZK
654 1045 730 1104 ισοι
753 1036 821 1106 ἐστι
844 1040 890 1130 τῷ
909 1044 988 1104 ΑΛ.
1019 1061 1090 1103 κοι-

74 1141 139 1211 νὸν
158 1141 349 1230 ἀφῃρήσθω
362 1142 400 1210 τὸ
416 1150 488 1210 ΑΚ
497 1163 504 1176 ·
527 1141 647 1211 λοιπὸν
661 1141 728 1231 ἀρα
746 1142 784 1212 τὸ
801 1151 861 1211 ΖΘ
874 1147 920 1233 τῷ
936 1150 999 1210 ΘΛ
1013 1151 1090 1210 ίσον

22 1267 56 1317 10
75 1251 174 1317 ἐστίν.
189 1253 248 1315 καί
260 1245 380 1316 ἔστιτὸ
395 1247 457 1334 μέν
467 1246 581 1315 &Ata
593 1246 658 1317 ὑπὸ
672 1251 778 1317 τώνΑ
784 1256 823 1335 Β,
838 1255 913 1316 ΒΘ·
925 1257 979 1334 ίση
990 1247 1055 1336 γάρ
1063 1245 1087 1334 ἡ

74 1361 141 1421 AB
163 1359 203 1443 τῇ
227 1362 312 1422 ΒΔ·
335 1354 373 1421 τὸ
389 1354 435 1449 ,δὲ
454 1361 516 1422 ΖΘ
532 1354 570 1422 τὸ
594 1352 659 1423 ἀπὸ
682 1359 741 1442 τῆς
757 1363 839 1423 ΑΘ·
868 1353 906 1423 τὸ
930 1353 996 1443 ἀρα
1019 1352 1087 1424 ὑπὸ

73 1464 141 1529 τών
165 1467 240 1547 ΑΒ,
263 1469 326 1529 ΒΘ
348 1461 585 1549 περιεχόμενον
609 1460 824 1551 ῲθογώνιον
850 1470 926 1530 ίσον
949 1460 1018 1529 ἐστὶ
1040 1463 1088 1552 τῳ

74 1564 140 1634 ἀπὸ
166 1575 230 1634 ΘΑ
252 1567 457 1658 τετραγώνῳ.

137 1669 182 1739 Ἡ
209 1670 275 1760 ἀρα
308 1678 450 1741 δοθεῖσα
477 1672 595 1743 εὐθεῖα
622 1671 643 1760 ἡ
671 1681 736 1741 AB
766 1675 919 1760 τέτμηται
942 1670 1024 1741 κατά
1047 1671 1086 1741 τὸ

22 1797 55 1848 15
74 1786 103 1847 Θ
125 1776 210 1848 ώστε
236 1778 274 1848 τὸ
297 1776 364 1848 ὑπὸ
386 1785 456 1848 τών
478 1788 543 1848 ΑΒ
551 1833 560 1868 ,
589 1789 651 1849 ΒΘ
674 1779 911 1869 περιεχόμενον
935 1777 1085 1866 ὀρθογώ·

73 1912 150 1955 νιον
178 1895 254 1956 ίσον
284 1900 393 1955 ποιεῖν
419 1890 466 1978 τῷ
490 1885 556 1955 ἀπὸ
579 1891 637 1973 της
660 1895 726 1954 ΘΑ
748 1886 962 1977 τετραγώνῳ·
1006 1883 1086 1972 ὅπερ

75 1997 142 2060 έάει
166 1998 312 2079 ποιησαι.

551 2081 613 2168 ιβ’.

43 2226 49 2237 ’
138 2202 199 2271 Ἐν
221 2218 304 2285 τοῖς
327 2205 613 2293 ἀμβλυγωνίοις
631 2205 842 2293 τριγώνοις
863 2203 906 2273 τὸ
926 2201 1000 2272 ἀπὸ
1020 2207 1090 2291 τῆς

75 2308 146 2396 τὴν
178 2308 376 2395 ἀμβλεῖαν
408 2316 560 2397 γωνίαν
592 2308 883 2396 ὑποτεινούσης
916 2314 1091 2396 πλευρᾶς

22 2433 56 2482 20
75 2415 325 2503 τετράγωνον
352 2416 486 2501 μεῖζόν
516 2417 596 2483 ἐστι
626 2421 703 2484 τών
727 2415 801 2484 ἀπὸ
824 2420 902 2484 τών
924 2416 995 2502 τὴν
1018 2413 1092 2503 ἀμ-

75 2526 213 2607 βλεῖαν
251 2527 400 2607 γωνίαν
437 2527 707 2609 περιεχουσῶν
738 2527 918 2611 πλευρών
954 2547 1091 2610 τετρα-

76 2627 214 2714 γώνων
246 2633 295 2721 τῳ
329 2630 594 2720 περιεχομένῳ
623 2630 683 2709 δὶς
715 2627 791 2697 ὑπό
823 2655 862 2697 τε
889 2633 982 2715 μιάς
1011 2632 1091 2697 τών

75 2734 164 2820 περὶ
191 2732 262 2820 την
290 2733 484 2820 ἀμβλεῖαν
511 2741 676 2821 γωνίαν,
710 2732 768 2822 ἐφ’
798 2732 846 2820 ἣν
874 2732 895 2821 ἡ
919 2733 1092 2814 κάθετος

76 2846 227 2925 πίπτει,
264 2841 328 2907 καίΙ
351 2842 426 2927 ξτῆς
462 2838 853 2930 ἀπολαμβανομένηςξ
876 2837 991 2919 ἐκτὸς
1013 2836 1090 2908 ὑπὸ

22 2962 56 3011 25
76 2949 144 3032 τῆς
167 2946 339 3014 καθέτου
362 2944 458 3033 πρὸς
481 2950 524 3036 τῇ
549 2945 717 3036 ἀμβλείᾳ
740 2950 874 3036 γωνίᾳ.

134 3050 241 3118 Ἔστω
270 3049 508 3139 ἀμβλυγώνιον
539 3057 706 3139 τρίγωνον
733 3077 770 3118 το
799 3056 901 3119 ΑΒΓ
925 3049 1091 3137 ἀμβλεῖαν

149 3280 841 3352 1453EBVp‚Fm.2(EBcorr.exEA).
924 3276 1051 3335 ἑστίαν.

78 3359 104 3408 3.
125 3351 198 3407 ἐστίν
214 3353 245 3421 V,
266 3369 356 3421 comp.
376 3369 461 3422 supra
479 3354 510 3408 F.
583 3358 608 3406 4.
629 3353 676 3421 τῆς
696 3355 749 3405 ΑΕ
767 3350 943 3420 τετράγωνον
962 3370 989 3421 p.
1063 3357 1090 3406 5.

78 3420 268 3546 ὀρθογώνιοιὲ]
288 3440 341 3476 om.
361 3424 392 3477 P.
466 3420 541 3478 ἐστίν
560 3422 594 3476 V.
667 3430 692 3479 6.
712 3418 787 3477 ἔστιν
805 3423 839 3477 V.
913 3430 936 3476 7.
957 3423 1018 3493 ΑΖ]
1040 3426 1090 3476 ΖΑ
1137 3500 1140 3504 .

68 3511 102 3560 p,
122 3492 244 3548 etVse
284 3510 351 3548 corr.
371 3500 447 3549 καλ.
520 3500 545 3549 8.
566 3489 641 3548 ἐστίν
659 3493 692 3549 V.
766 3499 789 3548 9.
811 3493 878 3564 ΘΔ]
899 3492 1093 3549 ΔΘΒΘΠ
