2356 3818
105 154 171 220 208
491 155 693 209 ευοωωωωω
711 150 749 223 γ’.

106 294 127 383 ἡ
152 303 232 365 ΜΝ
258 298 297 385 τῇ
321 302 388 364 ΒΓ
412 298 547 384 ἐδείχθη
572 305 627 382 ίση
652 294 765 383 [καὶὴ
793 302 859 364 ΒΓ
880 301 939 383 τῆς
959 301 1034 363 ΖΗ
1051 300 1121 382 μεί-

109 409 173 483 ζων
192 404 306 487 έστίν].
334 409 470 490 μεγίστη
490 403 552 490 μὲν
575 401 642 488 ἄρα
664 401 772 490 ηΑΔ
790 402 977 492 διάμετρος,
1000 407 1122 488 μείζων

108 509 147 577 δὲ
168 507 189 596 ἡ
212 515 279 577 ΒΓ
296 514 355 597 της
378 517 455 578 ΖΗ.

172 613 229 683 Ἐν
266 616 376 709 κύκλῳ
409 614 475 703 ἄρα
503 622 639 704 μεγίστη
667 619 728 704 μέν
759 619 849 685 ἐστιν
880 613 901 704 ἡ
935 614 1125 703 διάμετρος,

73 727 176 793 στοῖν
195 722 234 791 δὲ
256 720 369 792 ἄλλων
388 720 440 791 ιἰεί
459 720 479 810 ἡ
501 729 615 810 ἔγγιον
633 725 696 791 τοῦ
712 723 855 810 κέντρου
872 727 931 810 της
948 721 1125 809 ἀπώτερον

109 836 228 917 μείζων
252 832 358 898 ἐστίν·
383 826 464 919 ὅπερ
487 835 555 898 ἔδει
578 833 693 912 δείξαι.

589 1025 648 1098 ις’.

125 1139 132 1149 ’
172 1148 219 1218 Ἡ
241 1153 285 1238 τῇ
306 1149 501 1238 διαμέτρῳ
528 1153 599 1216 τοῦ
622 1149 771 1218 κύκλου
793 1147 890 1236 πρὸς
914 1147 1039 1235 ὀρθὰς
1062 1145 1126 1216 ἀπ’

113 1253 431 1353 ἄκραςιᾶγομένη
460 1254 570 1336 ἐκτὸς
592 1269 770 1324 πεσεῖται
788 1260 859 1324 τού
877 1255 1039 1341 κύκλου,
1061 1255 1127 1323 καὶ

60 1385 93 1433 10
113 1365 169 1441 είς
196 1359 265 1429 τὸν
292 1361 436 1448 μεταξύ
468 1361 591 1430 τύπον
615 1367 690 1451 τῆς
716 1389 755 1431 τε
785 1361 941 1444 εὐθείας
967 1361 1033 1430 καὶ
1060 1366 1130 1449 τῆς

113 1473 368 1556 περιφερείας
401 1469 514 1555 ἑτέρα
546 1468 685 1538 εύθελα
719 1466 766 1538 ού
802 1481 1129 1556 παρεμπεσεῖται,

113 1576 173 1643 καί
205 1570 225 1661 ἡ
259 1574 330 1661 μὲν
357 1578 428 1643 τού
454 1570 699 1663 ἡμικυκλίου
725 1582 849 1664 γωνία
877 1573 1031 1661 ἁπάσης
1052 1601 1130 1660 γω-

113 1688 202 1761 νίας
230 1677 359 1762 ὀξείας
392 1679 681 1769 εὐθυγράμμου
710 1688 852 1770 μείζωυ
880 1684 1003 1766 ἐστίν,
1036 1678 1056 1766 ἡ
1087 1680 1130 1749 ’δὲ

114 1787 232 1874 λοιπὴ
257 1787 440 1857 ἐλάττων.

63 1915 95 1964 15
174 1893 281 1963 Ἔστω
319 1892 442 1973 κύκλος
479 1889 497 1962 ὁ
528 1900 631 1962 ΑΒΓ
662 1893 738 1981 περί
773 1894 913 1980 κέντρον
945 1889 983 1960 τὸ
1012 1900 1046 1959 Δ
1073 1892 1130 1959 καί

116 1999 295 2087 διάμετρον
323 1998 384 2086 τὴν
407 2006 491 2066 AB·
532 2001 629 2086 λέγω,
654 1997 705 2067 ὅτι
728 1997 748 2087 ἡ
772 1997 922 2067 ἀπὸτοῦ
946 2006 978 2064 Α
999 2001 1040 2088 τῇ
1065 2006 1131 2065 AB

115 2104 199 2194 πρὸς
232 2103 339 2191 ὀρθὰς
371 2103 428 2172 ἄπ’
463 2103 567 2194 ἄκρας
594 2103 740 2193 ἀγομένη
770 2102 861 2185 έκτός
893 2117 1039 2172 πεσεῖται
1068 2108 1131 2172 τοῦ

116 2213 250 2279 κύκλου.

185 2316 244 2403 Μὴ
264 2317 340 2407 γάρ,
364 2315 436 2386 ἄλλ’
454 2322 485 2386 εί
503 2317 662 2404 δυνατόν,
685 2319 828 2386 πιπτέτω
849 2316 943 2397 έντὸς
957 2314 1002 2396 ὡς
1016 2313 1037 2403 ἡ
1053 2323 1133 2401 ΓΑ,

64 2445 99 2494 20
117 2423 173 2490 καὶ
197 2423 384 2510 ἐπεζεύχθω
407 2452 428 2511 η
453 2431 527 2492 ΔΓ.

182 2528 271 2597 Ἐπεί
296 2538 350 2616 ίση
375 2530 465 2597 ἐστὶν
489 2527 509 2617 ἡ
535 2538 605 2597 ΔΑ
623 2535 662 2618 τῇ
682 2536 758 2616 ΛΓ,
783 2539 837 2617 ίση
857 2531 926 2598 ἐστὶ
949 2529 1005 2597 καὶ
1023 2534 1134 2616 γωνία

118 2633 139 2721 ἡ
169 2633 235 2703 ὑπὸ
264 2641 371 2703 ΛΑΓ
396 2643 503 2727 γωνίᾳ
529 2639 569 2725 τῇ
597 2633 664 2704 ὑπὸ
688 2643 795 2705 ΑΓΔ.
842 2632 931 2725 ὀρθὴ
960 2635 998 2704 δὲ
1020 2632 1041 2721 ἡ
1067 2633 1135 2703 ὑπὸ

120 2747 238 2809 ΔΑΓ·
267 2737 355 2827 ὀρθὴ
379 2738 445 2827 ἄρα
468 2744 523 2810 καί
546 2741 566 2830 ἡ
590 2741 656 2812 ὑπὸ
676 2749 793 2810 ΑΓΔ·
818 2741 986 2831 τριγώνου
1009 2739 1052 2827 δη
1072 2745 1135 2810 τοῦ

120 2854 220 2916 ΑΓΔ
241 2850 278 2913 αλ
300 2846 363 2915 δύο
387 2855 507 2934 γωνίαι
531 2853 569 2916 αί
586 2848 653 2918 ὑπὸ
670 2856 783 2935 ΔΑΓ,
807 2856 907 2916 ΑΓΔ
928 2847 991 2915 δύο
1012 2848 1137 2935 ὀρθαῖς

67 2975 101 3023 25
121 2961 190 3021 ίσαι
214 2956 313 3020 είσίν·
338 2952 419 3042 ὅπερ
444 2956 532 3024 ἐστίν
556 2953 733 3024 ἀδύνατον.
763 2953 825 3022 οὐκ
849 2951 915 3041 ἄρα
938 2951 958 3041 ἡ
982 2951 1049 3021 ἀπὸ
1073 2958 1137 3023 τού

192 3133 264 3187 XVI.
285 3133 425 3203 Eutocius¹
436 3132 465 3186 in
483 3132 663 3202 Apollonium
681 3151 708 3202 p.
723 3138 765 3185 44.
786 3139 828 3187 59.

195 3301 217 3347 1.
239 3290 488 3363 έθείγθηᾙοεαε.
508 3291 541 3345 V.
633 3291 701 3360 ΒΓ]
723 3296 772 3346 ΓΒ
791 3293 825 3358 Β;
854 3296 909 3346 ΒΓ
924 3287 981 3360 ἄρα
1000 3309 1027 3361 p.
1113 3299 1138 3346 2.

63 3359 185 3609 γετί
201 3365 261 3421 BV.
339 3361 402 3433 μέν]
423 3361 543 3417 mv.
616 3359 831 3433 4.δέ]δ’ΒΡ.
914 3361 1101 3419 5,αίείΠ.

131 3452 235 3500 metor
251 3434 282 3501 P,
302 3435 353 3489 sed
372 3450 442 3488 corr.
533 3433 583 3486 τοῦ
603 3430 733 3505 κέντρου]
753 3435 803 3522 της
822 3433 973 3504 διαμέτρου
993 3432 1024 3489 P.
1114 3443 1140 3492 ’1.

121 3499 173 3572 5']
189 3500 244 3571 ιη’
260 3505 297 3571 λζ·
318 3522 390 3562 corr.
412 3524 449 3561 m.
465 3511 491 3560 2.
565 3510 591 3560 9.
611 3499 738 3576 ἀγομένη
757 3505 897 3560 ευθεῐαθ
918 3507 948 3558 ολ
963 3503 987 3555 Β
1005 3521 1043 3558 m.
1064 3522 1121 3562 rec.
