2356 3818
389 145 665 196 ELEMENTORUM
683 144 792 195 LIBER
810 144 831 195 1.
1074 140 1119 204 45

104 290 242 365 [ΕΓΔ
254 298 290 361 >
304 288 400 352 ΕΓΖ
425 290 465 368 [κ.
490 289 558 352 ἔνν.
583 289 632 369 8].
679 308 777 370 quare
801 293 822 361 L
843 289 946 350 ΑΓΛ
960 297 994 359 >
1009 290 1119 351 ΒΑΕ.

105 394 256 460 similiter
278 398 367 459 reota
394 396 461 458 ΒΓ
484 394 519 458 in
547 394 627 459 dues
650 397 759 478 partes
784 393 933 476 aequales
958 397 1047 458 aeota
1069 392 1120 457 de·

105 485 341 567 monstrabitur
364 500 463 565 etiam
487 505 508 575 l,
527 502 633 564 ΒΓΗ
642 510 676 572 >
691 503 756 564 ΑΒ
764 502 807 577 Γ,
829 499 860 563 h.
885 521 910 565 e.

457 612 479 682 L
498 609 602 671 ΑΓΔ
615 617 650 680 >
664 609 772 671 ΑΒΓ.

172 713 263 800 Ergo
286 713 322 778 in
345 712 647 798 quouistriangulo
671 735 736 777 uno
760 712 863 777 latere
886 713 1044 797 producto
1064 734 1121 777 an·

106 821 204 905 gnlus
232 819 432 884 extrinsecus
459 819 587 903 positus
615 819 739 883 utrouis
765 820 885 904 angulo
909 818 1064 884 interiore
1087 821 1121 883 et

108 926 261 1010 opposito
285 925 388 991 maior
412 929 475 1009 θεὶς
498 925 584 1010 quod
608 927 679 988 erat
701 923 998 990 demonstrandum.

562 1099 666 1166 XVII.

175 1207 327 1276 Ouinsuis
346 1207 504 1293 trianguli
524 1209 587 1272 duo
603 1209 715 1293 anguli
730 1208 854 1274 duobus
869 1210 966 1276 rectis
981 1210 1122 1275 minores

536 1318 615 1379 sunt
638 1336 767 1400 quoquo
793 1317 888 1382 modo
913 1317 1086 1383 coniuncti.

602 1419 652 1485 Sit
677 1422 862 1507 triangulus
886 1426 993 1488 ΑΒΓ.
1042 1423 1123 1506 dico,

536 1528 673 1612 angulos
711 1528 792 1593 duos
829 1528 988 1615 trianguli
1025 1531 1128 1594 ΑΒΓ

535 1634 660 1698 duobus
683 1636 779 1700 raetis
803 1637 945 1702 minores
960 1659 1031 1703 esse
1046 1659 1124 1723 quo·

142 1752 175 1810 B
350 1754 389 1812 Γ
458 1751 491 1810 Δ
538 1762 601 1825 quo
624 1741 722 1806 niodo
746 1743 946 1810 coniunctos.

175 1849 371 1932 producatur
395 1848 481 1915 enim
504 1850 570 1912 ΒΓ
589 1847 630 1912 ad
654 1853 694 1912 Δ.
732 1852 764 1912 et
787 1849 942 1933 quoniam
965 1849 1000 1912 in
1023 1849 1124 1913 trian-

110 1955 188 2040 gulo
206 1955 518 2020 ABI'extrinseous
541 1953 668 2038 positus
693 1956 743 2018 est
761 1955 901 2040 angulus
915 1958 1033 2036 ΑΓΛ,
1057 1976 1124 2019 me·

110 2060 161 2125 ior
185 2065 235 2125 est
253 2061 374 2146 angulo
393 2061 546 2126 interiore
565 2063 599 2125 et
617 2060 768 2144 opposito
783 2063 889 2124 ΑΒΓ
906 2063 1009 2147 [prop.
1023 2059 1125 2142 XVI}

112 2168 292 2232 communis
316 2166 486 2231 adiiciatur
508 2168 617 2230 ΑΓΒ.
649 2165 758 2250 itaque

204 2275 304 2337 ΑΓΔ
320 2275 359 2353 -l-
376 2274 474 2336 ΑΓΒ
488 2281 523 2345 >
538 2275 641 2336 ΑΒΓ
652 2275 803 2354 -4-’ΒΓΑ
827 2277 868 2356 [κ.
892 2276 960 2339 ἔνν.
982 2275 1028 2356 4].

177 2401 291 2443 uerum
312 2382 412 2443 ΑΓΛ
427 2381 467 2459 -Ι-
483 2382 582 2443 ΑΓΒ
606 2378 731 2444 duobus
755 2381 852 2445 rectis
877 2382 1025 2465 aequales
1049 2385 1126 2446 sunt

113 2487 217 2571 [prop.
240 2484 343 2566 ΧΠΙ].
379 2485 488 2570 itaque
511 2487 615 2549 ΑΒΓ
627 2488 667 2567 -l-
683 2487 778 2550 ΒΓΑ
802 2486 926 2553 duobus
949 2487 1045 2552 rectis
1069 2488 1127 2552 mi·

111 2612 206 2656 nores
232 2595 317 2656 sunt.
346 2591 496 2656 similiter
519 2591 825 2677 demonstrabimua
849 2594 946 2658 etiam
970 2596 1124 2676 ΒΑΓ-Ι-

112 2698 210 2762 ΑΓΒ
239 2702 272 2762 et
298 2701 465 2783 praeterea
488 2700 587 2762 ΓΑΒ
603 2701 643 2780 -l-
659 2701 763 2763 ΑΒΓ
786 2699 912 2764 duobus
939 2700 1037 2765 rectis
1068 2701 1128 2765 mi·

112 2824 208 2868 nores
232 2826 311 2868 esse.
470 2818 475 2824 ”

179 2906 269 2995 Ergo
299 2911 441 2975 cuiusuis
465 2911 623 2997 trianguli
651 2912 713 2976 duo
742 2913 855 2999 anguli
883 2913 1007 2979 duobus
1030 2915 1127 2980 rectis

115 3013 257 3080 minores
286 3019 363 3080 sunt
391 3038 520 3102 quoquo
550 3017 647 3083 modo
671 3019 847 3103 coniuncti3
875 3021 961 3104 quod
984 3025 1054 3086 erat
1076 3021 1128 3087 de·

113 3122 371 3189 monstrandum.

150 3331 153 3337 -
184 3293 272 3352 XVII.
291 3297 407 3352 Proolus
426 3315 454 3367 p.
471 3302 571 3367 184,1.
605 3298 720 3353 Boetius
738 3319 766 3370 p.
781 3305 896 3366 381‚19.·

113 3425 158 3475 24.
178 3416 325 3485 ἐλάττονες
342 3422 371 3477 Γ.
445 3419 517 3477 εἰσιν
535 3422 558 3478 P
563 3423 598 3490 Ἐς
623 3440 713 3494 comp.
733 3423 761 3480 b.
834 3427 951 3495 tetfiuxl
960 3427 1147 3490 auruum„

114 3489 164 3545 aed
183 3506 266 3565 supra
283 3510 334 3550 ser.
355 3493 449 3562 δεῖξαι
466 3512 505 3553 m.
520 3499 546 3552 1.
