2356 3818
74 140 143 207 264
454 141 656 195 >nomem
674 137 713 210 γ’.

72 281 155 351 κατὰ
186 281 224 351 τὸ
253 291 281 351 Ζ
308 295 463 371 σημεῖον,
489 282 683 368 πρόσκειται
716 282 754 351 δὲ
782 279 866 372 αὐτῇ
894 279 916 369 ἡ
943 272 1025 368 ΓΔ,
1057 281 1094 350 τὸ

73 387 140 476 ἄρα
172 385 238 458 ὑπὸ
266 393 335 458 τῶν
358 397 444 475 ΑΔ,
477 394 548 457 ΛΓ
571 387 651 475 μετὰ
674 394 736 458 τοῦ
760 385 825 456 ἀπὸ
849 392 908 475 τῆς
930 392 999 456 ΖΓ
1016 396 1094 457 ίσον

75 495 144 563 ἐστὶ
173 499 218 588 τῷ
251 492 317 564 ἀπὸ
349 499 408 583 τῆς
435 502 512 562 ΖΔ.
556 493 675 564 κοινὸν
707 500 921 584 προσκείσθω
951 492 993 563 τὸ
1025 491 1092 563 ἀπὸ

74 605 132 687 τῆς
155 609 235 670 ΖΕ·
276 600 314 671 τὸ
343 600 409 690 ἄρα
436 598 502 669 ὑπὸ
529 605 597 670 τῶν
620 609 707 687 ΑΔ,
740 606 810 669 ΔΓ
828 602 909 687 μετὰ
931 604 1002 670 τῶν
1025 597 1093 669 ἀπὸ

41 713 144 775 ὁτῶν
168 716 239 794 ΓΖ,
264 717 329 778 ΖΕ
350 718 425 777 ίσον
450 708 518 776 ἐστὶ
541 721 612 788 τοῖς
634 705 700 776 ἀπὸ
723 712 793 777 τῶν
815 715 893 793 ΖΔ,
917 714 990 775 ΖΕ.
1022 720 1095 787 τοϊς

76 813 114 882 δὲ
137 813 203 882 ἀπὸ
226 820 296 884 τῶν
310 822 382 899 ΓΖ,
398 822 462 882 ΖΕ
483 823 558 882 ίσον
582 816 651 883 ἐστὶ
674 812 711 883 τὸ
735 812 802 883 ἀπὸ
825 818 884 901 τῆς
901 819 981 883 ΕΓ·
1001 811 1092 902 ὀρθὴ

75 921 141 1010 γὰρ
157 926 274 1007 [ἐστιν]
291 919 311 1009 ἡ
331 920 398 991 ὑπὸ
414 927 512 991 ΕΖΓ
529 926 677 1007 [γυνία]·
700 935 770 1001 τοϊς
791 921 829 990 δὲ
848 918 916 989 ἆπό
928 924 998 989 τῶν
1013 927 1094 1006 ΔΖ,

76 1035 141 1097 ΖΕ
163 1036 239 1095 ίσον
263 1030 332 1096 ἐστὶ
354 1027 393 1096 τὸ
418 1026 482 1096 ἀπὸ
506 1031 564 1114 τῆς
578 1034 660 1094 ΕΔ·
683 1025 720 1096 τὸ
745 1025 812 1115 ἄρα
833 1025 899 1096 ὑπὸ
922 1031 992 1096 τῶν
1010 1035 1094 1111 ΛΔ,

78 1141 147 1203 ΔΓ
162 1133 242 1220 μετὰ
265 1138 326 1201 τοῦ
350 1133 414 1201 ἀπὸ
438 1138 497 1221 τῆς
514 1139 668 1202 ΕΓίσον
692 1134 761 1203 ἐστὶ
783 1138 830 1226 τῷ
854 1131 920 1202 ἀπὸ
942 1138 1003 1220 τῆς
1017 1141 1095 1202 ΕΔ.

23 1252 57 1301 10
77 1250 132 1325 ίση
157 1240 193 1307 δὲ
217 1238 240 1326 ἡ
261 1245 328 1307 ΕΓ
346 1243 385 1327 τῇ
410 1246 491 1306 ΕΒ·
515 1236 553 1307 τὸ
577 1238 644 1326 ἄρα
666 1237 733 1308 ὑπὸ
756 1244 826 1308 τῶν
848 1246 929 1326 ΑΔ,
949 1245 1022 1307 ΔΓ
1041 1266 1093 1326 με·

76 1346 116 1413 τὰ
139 1349 200 1412 τοῦ
228 1343 294 1413 ἀπὸ
322 1350 381 1432 της
408 1351 471 1413 ΕΒ
495 1354 571 1413 ίσον
595 1346 664 1414 ἐστὶ
687 1350 733 1439 τῷ
757 1343 823 1413 dno*
841 1349 899 1432 τῆς
922 1352 1000 1414 ΕΔ.
1046 1349 1092 1438 τῷ

78 1452 116 1521 δὲ
139 1450 204 1520 ἀπὸ
227 1456 286 1539 τῆς
309 1460 379 1520 ΕΛ
402 1462 457 1520 ίσα
477 1453 545 1520 ἐστὶ
563 1451 604 1520 τὰ
623 1450 689 1520 ἀπὸ
708 1457 777 1520 τῶν
793 1458 870 1537 ΕΒ,
894 1458 980 1519 ΒΔ·
1005 1448 1093 1537 ὀρθὴ

76 1558 140 1647 γὰρ
164 1557 185 1646 ἡ
208 1556 275 1627 ὑπὸ
300 1567 406 1627 ΕΒΔ
428 1565 552 1646 γωνία·
580 1558 619 1627 τὸ
644 1557 710 1647 ἄρα
731 1556 800 1628 ύπύ
822 1562 890 1626 τῶν
913 1564 996 1644 ΑΔ,
1028 1563 1100 1625 ΔΓ

78 1664 158 1752 μετὰ
190 1670 251 1734 τοῦ
282 1663 347 1733 ἀπὸ
372 1671 430 1752 τῆς
453 1673 516 1734 ΕΒ
545 1674 620 1732 ίσου
649 1666 718 1733 ἐστὶ
745 1678 816 1745 τοῖς
838 1662 903 1731 ιἰπὸ
927 1667 998 1732 τῶν
1020 1670 1095 1748 ΕΒ,

25 1783 58 1831 15
77 1781 153 1841 ΒΛ.
191 1774 307 1841 κοινὸν
331 1770 522 1861 ἀφῃρήσθω
546 1770 584 1839 τὸ
607 1768 672 1839 ἀπὸ
696 1775 756 1864 τῆς
778 1779 856 1839 ΕΒ·
884 1767 1007 1839 λοιπὸν
1029 1767 1096 1859 ἄρα

77 1877 117 1947 τὰ
138 1876 206 1947 ὑπὸ
230 1882 298 1946 τῶν
322 1886 403 1963 ΑΔ,
422 1879 497 1945 ’ΛΓ
517 1887 592 1946 ίσον
616 1878 685 1946 ἐστὶ
708 1882 754 1968 τῷ
777 1874 843 1945 ἀπὸ
865 1880 925 1963 τῆς
944 1884 1022 1944 ΔΒ,

142 1983 221 2053 Ἐὰν
245 1984 311 2072 ἄρα
333 1985 460 2052 κύκλου
483 1989 599 2072 ληφθῇ
622 2011 653 2053 τι
675 1998 814 2071 σημεῖον
833 1982 937 2068 ἐκτός,
959 1984 1017 2051 καὶ
1035 1979 1094 2051 ἀπ’

78 2088 185 2159 αὐτοῦ
208 2089 292 2177 πρὸς
310 2089 371 2158 τὸν
394 2090 520 2158 κύκλον
538 2096 770 2178 προσπίπτωσι
789 2089 852 2158 δύο
872 2087 1016 2176 εύύείαι,
1039 2089 1097 2157 καλ

79 2194 99 2282 ἡ
133 2196 193 2283 μὲν
227 2195 340 2265 αὐτῶν
371 2199 473 2285 τέμυη
504 2194 566 2265 τὸν
593 2196 734 2281 κύκλον,
773 2194 795 2284 ἡ
829 2195 866 2264 δὲ
898 2194 1098 2283 ἐφάπτηται,

25 2315 61 2363 20
80 2309 170 2370 ἔσται
198 2301 235 2370 τὸ
261 2300 326 2370 ὑπὸ
351 2301 431 2388 ὅλης
452 2307 511 2389 της
531 2305 716 2389 τεμνούσης
738 2303 794 2371 καλ
816 2307 875 2391 τῆς
898 2301 991 2382 ἐκτὸς
1014 2301 1098 2370 ἄπο-

79 2410 336 2495 λαμβανομένης
363 2408 484 2495 μεταξὺ
513 2414 575 2476 τοῦ
598 2436 634 2478 τε
657 2416 796 2496 σημείου
819 2408 951 2494 καὶτῆς
972 2413 1100 2496 κυρτῆς

80 2520 291 2602 περιφερείας
315 2521 391 2581 ίσου
408 2517 455 2605 τῷ
474 2511 540 2582 ἀπὸ
559 2520 618 2601 τῆς
637 2517 867 2602 ἐφαπτομένης
884 2513 1098 2605 τετραγώνῳ·

82 2619 163 2708 ὅπερ
188 2624 255 2687 ἔδει
279 2622 392 2701 δείξαι.

556 2815 620 2896 λζ’.

27 2950 62 3002 25
147 2934 236 3005 Ἐὰν
264 2937 411 3006 κύκλου
439 2943 572 3026 ληφθῇ
601 2965 637 3005 τι
668 2952 831 3025 σημεῖον
865 2936 989 3024 ἐκτός,
1023 2937 1102 3009 ἀπὸ

83 3043 125 3113 δὲ
152 3047 223 3111 τοῦ
252 3051 419 3129 σημείου
447 3044 543 3132 πρὸς
565 3043 634 3112 τὸν
656 3044 801 3112 κύκλου
824 3049 1103 3132 προσπίπτωσι

83 3149 155 3220 δύο
187 3146 362 3236 εὐθεῖαι,
394 3154 459 3218 καί
491 3149 511 3237 ἡ
540 3151 611 3237 μὲν
640 3150 769 3220 αὐτῶν
796 3146 915 3240 τέμνη
938 3147 1010 3219 τὸν
1032 3152 1104 3221 κύ-

83 3282 297 3294 -υ--ψ--υ

154 3353 178 3402 1.
199 3346 327 3418 σημεῖον]
347 3363 399 3401 om.
419 3346 474 3416 Bp.
558 3352 581 3402 2.
601 3346 669 3416 ZF]
691 3348 742 3398 PZ
759 3346 789 3400 Ρ.
868 3352 893 3400 4.
913 3342 959 3416 τό]
979 3347 1105 3404 omnin

81 3415 117 3472 τά
136 3435 173 3472 m.
190 3424 204 3470 1
223 3418 255 3486 B,
275 3413 308 3470 τά
327 3435 354 3485 p.
419 3418 486 3487 ΑΔ]
505 3416 535 3471 in
553 3434 606 3471 ras.
626 3436 661 3472 m.
678 3422 694 3470 2
713 3414 746 3470 V.
803 3422 827 3471 5.
847 3416 914 3486 τῶν]
934 3415 1035 3485 (prius)
1050 3418 1105 3487 τῆς

74 3486 105 3543 F.
162 3487 241 3560 ίλῐον]
257 3487 363 3556 maa
381 3487 499 3560 BFVp.
567 3484 692 3543 ἐστιὐΒ.
751 3482 1010 3556 ύπὸτύινλὶιιεθτῒτ
1030 3497 1103 3544 m.l
