2356 3818
483 144 694 196 PRAEFATIO.
1052 146 1093 198 lx

190 287 265 370 888,
287 286 463 351 membran
490 285 590 351 libros
612 285 744 352 I-VII
765 288 835 372 ipse
858 288 980 353 contuli
1002 286 1094 353 Oxo·

191 391 264 457 niae
289 393 383 458 1882.

81 493 108 558 F
131 531 174 542 -
192 495 261 561 cod.
288 495 465 562 Florentin.
492 495 699 562 Laurentium
721 496 877 582 XXVIII,
896 498 917 563 3
945 520 1029 564 saec.
1052 497 1094 582 X,

190 603 368 667 membran.
413 603 449 666 in
475 601 539 667 hoo
567 624 693 686 quoquc
717 603 826 670 codice
849 604 1011 689 scriptura
1035 626 1094 668 an-

190 709 282 792 tiqua
319 730 414 794 saepe
451 731 551 773 manu
587 708 708 773 saeculi
729 707 809 774 XVI
844 713 1005 774 renouata
1034 715 1094 794 est,

191 834 273 897 quae
303 814 415 879 eadem
446 814 551 879 multa
580 812 660 879 folia
684 812 880 879 foliorumue
906 820 1018 899 partes
1041 837 1092 880 re·

192 919 371 982 sarcinauit
389 922 423 982 et
441 918 590 983 ultimam
607 923 736 1004 partem
757 919 876 984 codicis
894 924 1001 986 totam
1020 943 1093 1006 suo

191 1024 303 1108 pleuit.
340 1045 412 1089 eam
435 1025 619 1112 significaui
641 1025 753 1090 littera
775 1050 811 1110 φ,
833 1026 1018 1112 ubicunque
1040 1049 1094 1091 an·

193 1130 318 1214 tiquam
343 1131 539 1214 scripturam
566 1132 619 1197 uel
641 1132 774 1198 uitiauit
796 1133 850 1199 uel
871 1132 920 1197 ita
942 1133 1094 1198 obscura·

189 1236 250 1320 uit,
271 1240 309 1301 ut
331 1237 478 1322 dignosci
500 1259 568 1303 non
584 1241 705 1324 posset
733 1242 841 1305 totum
860 1239 1003 1306 codicem
1020 1240 1092 1323 ipse

192 1343 317 1407 contuli
338 1341 524 1409 Florentiae
550 1345 644 1410 1881.

77 1447 109 1512 V
127 1484 172 1495 -
191 1448 260 1513 cod.
273 1447 459 1522 Uindobon.
477 1447 533 1513 Gr.
549 1450 612 1514 103
635 1472 717 1516 saec.
731 1449 898 1536 XI-XII,
911 1451 1093 1516 membran.

191 1556 318 1636 partem
340 1553 492 1618 ultimam
514 1554 550 1618 in
572 1555 687 1620 charta
711 1555 906 1641 bombycina
929 1555 1094 1640 suppleuit

192 1682 309 1725 manus
332 1660 452 1725 saeculi
466 1651 564 1725 XHL
588 1663 695 1726 totum
714 1663 837 1727 contuli
854 1663 923 1746 ipsc
941 1659 1093 1725 Hermiae

195 1767 290 1832 1880.

78 1872 101 1936 b
123 1907 169 1919 -
193 1871 263 1937 cod.
275 1871 494 1937 bibliothecae
512 1871 726 1936 communalis
744 1871 958 1937 Bononiensis
981 1893 1094 1936 nume-

193 1977 239 2041 ris
260 1978 389 2044 18—19
410 1978 538 2062 signat„
561 1998 643 2042 saec.
657 1976 715 2058 XI,
738 1976 915 2041 membran.
942 1977 1093 2041 libruml

196 2083 320 2147 contuli
341 2086 375 2146 et
397 2083 481 2148 alios
503 2083 676 2148 nonnullos
698 2082 787 2148 locos
810 2082 937 2167 inspexi
958 2081 1093 2149 Floren-

192 2187 259 2252 tiae
285 2188 379 2253 1881.

78 2318 101 2378 p
127 2329 166 2340 -
193 2293 261 2358 cod.
295 2291 436 2358 Parisin.
469 2291 522 2359 Gr.
555 2294 643 2359 2466
679 2316 761 2360 saec.
796 2293 873 2378 XII,
914 2296 1096 2361 membran.

191 2400 314 2463 librum
341 2398 358 2463 I
387 2400 510 2465 contuli
531 2398 665 2465 Parisiis
691 2401 788 2484 1880,
820 2401 920 2466 libros
950 2400 1096 2465 H-VII

191 2503 461 2570 Hauniae1882.
496 2561 497 2564 ,

147 2820 274 2904 Restat,
305 2826 343 2885 ut
369 2824 465 2905 grato
494 2821 601 2886 officio
633 2819 753 2907 fungar
782 2823 823 2886 iis
855 2821 935 2886 uiris
966 2822 1095 2904 gratias

78 2949 180 3012 quam
205 2926 362 2992 maximas
385 2927 511 3012 agendi,
533 2927 589 3011 qui
610 2927 716 2992 labori
739 2949 811 2994 meo
833 2927 998 2992 facerunt.
1026 2928 1094 3010 pri-

77 3056 169 3098 mum
198 3036 235 3098 ut
262 3032 382 3096 itinera
408 3031 552 3098 Parisios
580 3035 613 3097 ot
639 3033 674 3096 in
696 3032 829 3098 Italiam
855 3032 954 3098 toties
981 3031 1091 3098 facere

77 3160 225 3223 possam,
258 3137 406 3202 effectum
429 3141 479 3202 est
502 3139 619 3202 eximia
641 3137 838 3203 liberalitate
862 3137 998 3202 summi
1020 3136 1093 3201 Mi-

78 3243 253 3327 nisterii,
287 3243 373 3329 quod
400 3244 502 3308 cultui
530 3243 711 3326 scholisque
738 3242 859 3307 nostris
882 3245 1029 3326 praeest,
1062 3245 1095 3307 et

79 3350 260 3415 instituti
292 3348 577 3435 Carlsbcrgici,
608 3350 736 3414 litteras
770 3347 1003 3429 scientiamque
1033 3348 1097 3412 lar·

78 3457 165 3541 gitur
184 3457 375 3521 adiuuanlis.
405 3456 504 3521 etiam
521 3453 694 3540 praefectis
713 3452 986 3517 bibliothecarum
999 3451 1098 3518 Uin·

133 3568 281 3621 Euclides,
296 3568 347 3611 edd.
360 3568 463 3619 Haibors
477 3571 500 3609 ot
514 3568 605 3617 Margo.
886 3554 941 3609 a*
