2356 3818
345 171 621 224 ELEMENTORUM
638 170 747 222 LIBER
764 171 811 224 IV.
1026 162 1089 231 301

79 321 125 400 H,
150 316 383 401 &positorum
408 313 552 399 aequalis
575 308 681 399 [prop.
694 312 752 395 lI].
784 334 884 398 quare
906 311 1005 378 etiam

325 421 858 497 LAPA=PAA=2PAA

76 529 145 594 iam
174 531 326 612 LAPA,
349 531 454 593 ΓΔΑ
480 526 578 592 realis
605 529 682 609 ΓΕ,
704 529 771 590 ΔΒ
799 526 834 590 in
861 525 957 591 binas
985 528 1093 610 parles

78 635 231 720 aequales
260 637 423 700 secentur·
438 631 477 716 [I‚
499 632 534 713 9]
540 683 549 716 ,
578 635 612 697 eb
638 632 797 697 (ineantur
818 636 894 716 ΑΒ,
924 635 953 696 Β
960 633 996 714 Γ,
1018 635 1052 694 Δ
1058 635 1096 709 Ε,

80 746 156 807 ΕΑ.
163 738 188 824 1)
223 740 290 804 iam
308 738 462 823 quoniam
481 739 595 823 anguli
609 741 713 822 ΑΓΔ,
731 741 829 805 ΓΔΑ
843 738 941 822 duplo
956 737 1096 802 maiores

80 850 160 912 sunl
183 845 304 930 angulo
327 846 426 908 ΓΑΔ
449 847 482 908 eb
503 844 600 909 realis
624 847 697 928 ΓΕ,
720 849 787 909 ΔΒ
810 844 844 908 in
866 845 961 915 binas
984 845 1096 928 partes

81 952 235 1038 aequales
273 950 352 1016 secti
390 952 479 1033 sunt,
516 949 580 1014 erit
615 953 723 1016 ΔΑΓ
743 981 785 1004 =
808 954 911 1016 ΑΓΕ
933 980 975 1003 --·
999 951 1096 1015 ΕΓΔ

81 1089 124 1112 =
140 1061 235 1123 PAR
251 1088 293 1111 =
307 1060 420 1121 ΒΔΑ.
466 1058 499 1120 et
526 1056 639 1141 anguli
666 1057 816 1142 aequales
843 1057 879 1121 in
907 1055 1096 1141 aequalibus

81 1165 220 1231 arcubus
248 1162 432 1228 consistunt
464 1160 627 1246 [111‚26].
673 1163 783 1248 itaque
821 1163 963 1248 quinque
1002 1182 1096 1227 arens

82 1275 163 1355 ΑΒ,
185 1273 256 1354 ΒΓ,
278 1272 356 1352 ΓΔ,
378 1272 461 1352 ΔΕ,
486 1272 553 1333 ΕΑ
575 1268 661 1333 inber
688 1290 721 1334 se
750 1271 900 1354 aequales
931 1272 1039 1334 sante.
1063 1271 1098 1331 et

82 1379 145 1468 sub
167 1376 365 1469 suequalibus
397 1375 537 1468 arcubus
570 1375 720 1460 aequales
756 1379 862 1442 rectae
896 1375 1097 1441 subtendunt

83 1483 239 1567 [111,29].
258 1536 261 1542 .
282 1482 394 1567 itaque
427 1480 567 1566 quinque
589 1484 696 1547 rectae
719 1485 799 1565 ΑΒ,
821 1485 893 1565 ΒΓ,
916 1484 990 1563 ΓΔ,
1013 1483 1096 1562 ΔΕ,

85 1596 154 1655 ΕΑ
186 1588 271 1653 inter
302 1610 335 1653 se
369 1588 519 1680 aequales
552 1590 635 1652 sunl.
680 1586 790 1671 itaque
818 1586 1098 1671 quinquangulum

83 1699 256 1762 ΑΒΓΔΕ
276 1694 511 1779 aequilaterum
535 1697 592 1759 ea’a
625 1692 711 1777 dieo,
733 1693 820 1758 idem
844 1691 1096 1781 aequiangulum

82 1823 164 1866 esse.
205 1822 283 1865 narn
316 1800 469 1885 quoniam
492 1821 554 1865 are.
578 1803 706 1889 AB?
725 1803 806 1882 ΔΒ,
839 1799 1019 1864 eommunis
1044 1796 1099 1862 ad-

82 1908 217 1972 iieiatur
253 1927 316 1971 are.
345 1908 451 1970 ΒΓΔ.
496 1906 605 1992 itaque
643 1928 706 1971 are.
728 1908 863 1993 ΑΒΓΔ
887 1934 929 1957 =
952 1906 1098 1968 ΕΔΓΒ.

82 2017 118 2078 el
139 2011 175 2077 in
199 2033 276 2077 areu
298 2013 432 2076 ΑΒΓΔ
453 2013 594 2097 angulus
612 2016 716 2077 ΑΕΔ
735 2012 893 2094 consistit,
914 2010 948 2075 in
963 2012 1098 2075 ΕΔΓΒ

83 2123 193 2209 aulem
211 2121 357 2195 [ΒΑΕ.
380 2139 479 2203 quare
499 2119 597 2183 eliam
612 2125 634 2194 L
648 2122 751 2183 ΒΑΕ
764 2148 806 2171 =
821 2120 928 2183 ΑΕΔ
943 2115 1014 2200 [ΠΙ,
1030 2116 1098 2196 27].

85 2225 197 2290 eadem
230 2224 269 2288 de
302 2244 400 2289 eausa
433 2224 530 2288 etiam
563 2224 683 2310 singuli
711 2225 823 2310 anguli
850 2225 962 2304 ΑΒΓ,
992 2225 1099 2306 ΒΓΔ,

83 2334 184 2396 ΓΔΕ
217 2330 345 2415 uirique
378 2330 497 2415 angulo
534 2333 649 2419 ΒΑΕ,
685 2334 791 2395 ΑΕΔ
826 2329 976 2415 aequales
1010 2333 1096 2393 sunt.

85 2459 185 2522 quare
205 2437 457 2525 aequiangulum
476 2439 526 2500 est
544 2429 823 2522 quinquangulum
836 2438 1013 2526 ΑΒΓΔΕ.
1040 2433 1097 2498 sed

85 2543 346 2621 demonstratum
369 2546 428 2621 est,
451 2541 537 2606 idem
560 2542 793 2628 aequilaterum
817 2564 896 2607 esse.

144 2735 185 2819 ⁵1)
204 2733 296 2823 Linb
310 2733 427 2789 uidetur
445 2731 594 2788 delendum
613 2748 673 2788 esse
693 2736 744 2788 ΓΔ
762 2749 825 2787 eum
844 2733 988 2803 Gregorio.

87 2961 163 3014 gam.
176 2946 297 3013 ruptum.
344 2951 384 3000 10.
404 2945 449 3015 δέ]
469 2941 499 3000 δ’
518 2945 581 3001 BV.
639 2951 679 3000 12.
700 2943 783 3016 εἰσίν]
804 2942 878 2999 ἐστίν
896 2945 930 3001 V.
984 2951 1024 3000 16.
1041 2944 1098 3000 leo-

88 3011 206 3085 γῶνιον]
220 3013 276 3069 liu.
286 3013 342 3099 lau-
355 3017 385 3069 in
398 3033 452 3071 ras.
466 3023 526 3073 Μ
541 3016 574 3070 V.
614 3023 654 3070 17.
673 3017 707 3088 τῇ
722 3022 748 3070 Δ
754 3018 779 3069 Ε
797 3018 977 3089 περιφερείᾳ]
998 3033 1052 3071 om.
1067 3015 1097 3083 F,

87 3102 174 3210 qua
193 3088 592 3229 ls.2s2blf¹2⁷‘all⁸⁰rl
633 3084 790 3227 llllll
807 3085 902 3229 lla]
913 3083 1102 3282 qullllf'

123 3227 190 3353 eald
209 3244 297 3298 comp.
317 3244 470 3298 suprascr.
490 3228 607 3284 malr.
690 3234 733 3283 22.
753 3229 841 3296 γωνία
860 3223 968 3298 ἄρα.
1052 3230 1097 3295 ἴση

86 3295 197 3355 ἔστί.
271 3304 314 3356 23.
332 3299 399 3372 καί]
419 3314 473 3354 om.
491 3298 552 3354 BV.
625 3304 668 3354 25.
689 3296 765 3354 ἐστιν
783 3298 839 3354 PF.
