2356 3818
342 163 617 215 ELEMENTORUM
635 162 744 214 LIBER
761 163 811 217 111.
878 196 881 203 -
1030 162 1092 226 177

146 305 237 392 Ergo
261 305 288 372 si
311 305 345 370 in
368 305 489 371 circulo
512 305 594 369 duae
612 308 719 369 rectae
737 304 824 369 inter
843 326 877 369 se
896 310 1007 371 secant
1025 329 1093 373 non

79 433 138 496 per
162 414 309 477 centrum
333 411 457 495 ductae,
479 412 515 476 in
537 411 618 475 duas
641 413 751 494 partes
775 410 927 495 aequales
949 412 1035 478 inter
1058 435 1092 479 se

80 539 149 582 uon
172 521 295 603 secant3
321 518 407 601 quod
430 520 500 582 erat
522 516 821 582 demonstrandum.

564 710 604 775 V.

146 833 182 901 Si
205 837 268 903 duc
293 835 404 902 circuli
427 836 570 900 interce
594 838 712 921 secant,
734 857 801 901 non
819 835 987 900 habebunt
1006 836 1093 901 idem

467 1087 545 1130 nam
582 1064 645 1130 duo
683 1065 795 1131 circuli
831 1069 946 1150 ΑΒΓ,
988 1068 1099 1131 ΓΔΗ

400 1173 487 1238 inter
510 1194 544 1237 se
568 1174 678 1238 secent
700 1173 734 1237 in
757 1173 886 1256 punctis
905 1174 988 1256 Β,Γ.
1013 1172 1094 1256 dico,

319 1317 323 1325 ι
402 1301 458 1345 eos
499 1278 585 1345 idem
627 1281 772 1344 centrum
813 1279 983 1346 habituros
1028 1299 1094 1343 non

147 1531 223 1574 nem
249 1510 277 1574 si
300 1511 370 1574 fieri
392 1513 512 1595 potest,
535 1510 579 1574 sit
597 1514 635 1588 E,
655 1513 687 1573 et
710 1508 846 1574 ducatur
865 1512 941 1593 EF,
965 1513 998 1573 et
1020 1508 1094 1573 edu·

80 1620 174 1682 catur
198 1620 306 1681 ΕΖΗ
329 1620 501 1701 utcunque.
547 1619 579 1680 et
607 1615 759 1700 quoniam
793 1618 825 1677 E
844 1618 999 1698 punctum
1024 1591 1111 1679 cen?

79 1726 168 1788 trum
199 1724 250 1787 est
273 1722 383 1788 circuli
406 1725 517 1807 ΑΒΓ,
545 1723 608 1787 erit
631 1725 751 1787 EF=
766 1725 837 1787 EZ.
882 1742 993 1785 rursus
1018 1740 1095 1805 quo·

79 1830 170 1894 uiam
206 1832 362 1912 punctum
389 1833 421 1893 E
450 1832 596 1895 centrum
633 1830 685 1892 est
720 1827 831 1891 circuli
868 1830 984 1910 ΓΔΗ,
1034 1824 1097 1890 erit

82 1937 202 2000 EF=
217 1938 290 2000 ΒΗ.
340 1935 396 1999 sed
417 1935 675 1999 demonstratum
699 1932 861 1997 estetiam
887 1934 1005 1995 EF=
1024 1935 1096 1997 EZ.

82 2041 192 2126 itaque
220 2041 320 2107 etiam
349 2045 411 2105 EZ
427 2071 468 2093 =
485 2042 567 2121 EH,
605 2038 711 2102 minor
742 2039 871 2121 meicri3
908 2037 994 2122 quod
1026 2037 1096 2100 fieri

81 2169 147 2213 non
178 2151 297 2233 potest.
342 2148 451 2231 itaque
480 2147 637 2230 punctum
665 2148 698 2208 E
723 2148 869 2209 centrum
902 2144 1096 2210 circulorum

82 2256 190 2337 ΑΒΓ,
213 2256 324 2319 ΓΔΗ
342 2274 408 2318 non
431 2254 489 2318 est

149 2359 240 2445 Ergo
264 2360 293 2424 si
316 2359 380 2424 duo
403 2358 516 2424 circuli
539 2358 623 2422 inter
647 2378 681 2422 se
700 2360 821 2442 secant,
844 2379 911 2422 non
929 2357 1097 2423 habebunt

83 2463 169 2528 idom
193 2468 351 2551 centrum3
376 2465 462 2549 quod
485 2466 555 2529 crat
578 2463 874 2529 demonstrandum.

557 2656 616 2724 VI.

149 2781 184 2848 si
212 2783 274 2847 duo
306 2782 419 2847 circuli
441 2781 527 2846 inter
550 2803 584 2846 se
608 2781 815 2866 contingunt,
842 2803 909 2846 non
931 2779 1097 2845 habebunt

83 2887 170 2951 idem
193 2888 348 2951 centrum.
356 2885 381 2974 ¹)

154 3153 181 3221 1)
205 3147 337 3203 Euclides
371 3165 435 3203 eum
466 3166 575 3217 cusum,
605 3164 660 3217 quo
693 3146 791 3202 circuli
817 3147 892 3203 intra
920 3147 1096 3218 contingunt,

81 3221 115 3275 ut
134 3219 325 3276 obscuriorem
344 3218 399 3274 sibi
422 3221 669 3275 demonstrandum
689 3219 821 3288 sumpsit3
850 3236 916 3273 num
935 3219 984 3274 ubi
1003 3218 1096 3274 circuli

83 3292 256 3346 extrinsecus
280 3308 310 3345 ss
335 3290 514 3362 contingunt,
542 3289 699 3360 propositio
722 3305 773 3359 per
797 3306 825 3343 se
849 3291 936 3359 putet.
975 3291 1097 3346 ceterum

84 3361 286 3418 demonstratio
305 3360 433 3417 Euclidis
452 3362 558 3417 dehoc
578 3375 688 3430 quoque
708 3377 774 3416 casu
792 3360 878 3415 ualet.
912 3376 998 3430 quere
1017 3356 1096 3423 ἐντός

83 3431 134 3487 lin.
150 3438 184 3486 22
207 3450 286 3488 meru
304 3432 486 3503 interpolatio
505 3435 562 3500 est,
585 3434 619 3486 ut
637 3430 723 3486 etium
741 3448 756 3485 e
776 3431 904 3486 codicum
922 3432 1033 3485 ratione
1050 3430 1103 3483 ud-

83 3506 166 3572 pcret
184 3506 249 3574 (om.
270 3503 448 3574 Campanus).

132 3600 284 3654 Euclides,
300 3603 350 3647 edd.
366 3603 472 3658 Helbsrg
486 3608 510 3648 et
524 3605 623 3657 Meuge.
880 3590 928 3637 Ἢ·
