2356 3818
91 157 158 222 224
473 158 675 211 Σνοωωιωω
692 153 731 226 γ’.

92 297 216 386 ὁμοίως
240 297 281 386 δή
306 301 469 387 δείξομεν,
492 296 544 366 ὅτι
567 298 623 366 καὶ
647 300 685 364 αί
700 295 767 366 ὑπὸ
785 304 903 384 ΒΑΔ,
925 304 1026 369 ΔΓΒ
1044 325 1110 386 χω-

92 411 163 473 νίαι
187 406 287 474 δνσὶν
311 404 434 494 ὀρθαῖς
456 413 527 472 ίσαι
550 407 646 472 είσίν.
784 397 786 401 ’

164 516 239 580 Τῶν
271 509 337 600 ἄρα
370 512 406 578 ἐν
433 523 503 591 τοῖς
529 509 667 590 κύκλοις
692 509 946 597 τετραπλεύρων
975 513 1014 578 αί
1046 509 1111 578 ἄτι-

93 623 249 687 εναντίον
277 622 397 703 γωνίαι
427 622 526 685 δυσίν
551 615 672 705 ὀρθαῖς
696 625 765 684 ίσαι
789 619 888 685 είσίν·
925 613 1006 706 ὅπερ
1040 621 1112 685 ἔδει

58 726 209 805 σδεϊξαι.

566 847 636 933 κγ’.

159 969 240 1040 Ἐπὶ
259 977 322 1059 τῆς
342 969 465 1057 αὐτής
483 969 646 1051 εὐθείας
665 971 737 1040 δύο
755 970 935 1059 τμήματα
953 971 1111 1040 κύκλων

96 1076 218 1164 ὅμοια
240 1078 304 1145 καὶ
328 1076 447 1144 ἄνισα
471 1073 517 1144 οὐ
542 1077 836 1163 συσταθήσεται
859 1075 988 1146 ἐπὶτύ
1010 1075 1112 1146 αὐτὰ

96 1185 201 1270 νὲεν·

46 1306 78 1354 10
164 1292 209 1354 Ec
230 1286 294 1375 γὰρ
319 1286 482 1373 δυνατόν,
511 1289 563 1356 ἐπὶ
591 1293 650 1376 τής
679 1286 783 1377 αὐτῆς
805 1287 942 1368 εὐθείας
963 1291 1023 1376 τής
1047 1295 1113 1356 ΑΒ

98 1393 161 1462 δύο
184 1392 336 1481 τμήματα
358 1392 491 1463 κύκλων
514 1393 615 1483 ὅμοια
637 1397 693 1463 καὶ
717 1394 818 1464 ἄνισα
844 1394 1035 1464 συνεστάτω
1061 1396 1114 1463 ἐπὶ

97 1497 139 1567 τύ
162 1497 247 1567 αὐτὰ
275 1501 357 1588 με’ρή
385 1498 426 1567 τοὶ
449 1506 562 1587 ΑΓΒ,
587 1508 703 1588 ΑΔΒ,
721 1501 777 1569 καὶ
801 1501 932 1590 διήχθω
955 1499 976 1588 ή
999 1507 1114 1587 ΑΓΔ,

97 1606 153 1674 καὶ
178 1604 431 1693 ἐπεζεύχθωσαν
454 1611 493 1675 αί
513 1612 585 1691 ΓΒ,
610 1613 685 1675 ΛΒ.

158 1710 248 1780 Ἐπεὶ
276 1704 340 1780 οὐν
369 1710 488 1800 ὅμοιόν
515 1715 585 1781 ἐστι
611 1712 649 1782 τὸ
674 1719 772 1781 ΑΓΒ
799 1716 911 1801 τμήμα
938 1717 983 1807 τῷ
1008 1719 1115 1781 ΑΔΒ

48 1835 81 1884 15
99 1818 253 1907 τμήματι,
280 1818 380 1905 ὅμοια
404 1819 442 1887 δὲ
464 1821 615 1907 τμήματα
638 1818 772 1888 κύκλων
795 1822 864 1888 ἐστὶ
887 1818 927 1888 τὰ
951 1819 1116 1908 δεχόμενα

99 1933 225 2013 γωνίας
253 1935 341 2010 ίσας,
370 1935 424 2012 ίσή
453 1925 520 2015 ἄρα
547 1926 638 1994 ἐστίν
669 1923 779 2012 ή’ὐπὸ
805 1933 903 1995 ΑΓΒ
934 1931 1043 2013 χωνία
1077 1930 1116 2015 τῇ

100 2031 167 2101 ὐπὸ
191 2039 296 2101 ΑΛΒ
320 2030 341 2119 ή
365 2030 458 2112 ἐκτὸς
480 2034 520 2120 τή
544 2033 654 2111 ἐντός·
679 2028 759 2120 ὅπερ
785 2033 875 2100 ἐστὶν
899 2029 1081 2100 ἀδύνατον.

170 2138 243 2206 Οὐκ
266 2137 332 2226 ἄρα
356 2138 408 2205 ἐπὶ
431 2141 489 2223 τής
512 2134 617 2224 αὐτῆς
640 2136 776 2217 εὐθείας
798 2138 861 2206 δύο
884 2137 1037 2226 τμήματα
1061 2140 1118 2206 κύ

101 2252 192 2313 κίων
215 2243 314 2330 ὅμοια
337 2244 392 2311 καὶ
412 2243 514 2312 ἄνισα
533 2243 781 2330 συσταθήσεται
796 2244 848 2311 ἐπὶ
862 2243 902 2311 τύ
918 2241 1004 2312 αὐτὰ
1019 2247 1117 2333 μέρη·

50 2365 85 2413 20
105 2348 187 2437 ὅπερ
212 2353 279 2417 ἔδει
303 2350 416 2429 δεῖξαι.

574 2493 644 2559 κδ’.

174 2613 225 2681 To}
259 2614 322 2682 ἐπὶ
356 2621 454 2681 ίσων
487 2611 659 2682 εὐθειῶν
693 2613 810 2702 ίμοια
842 2613 1021 2700 τμήματα
1053 2613 1120 2682 κύ-

78 2793 82 2802 ,
103 2730 206 2790 κίων
235 2729 300 2787 ίσα
324 2717 515 2805 ἀλλήλοις
538 2723 655 2789 ἐστίν.

162 2826 336 2895 Ἔστωσαν
355 2823 419 2915 γὰρ
435 2827 487 2894 ἐπὶ
502 2834 586 2895 ίσων
600 2823 746 2895 εὐθειῶν
759 2831 828 2894 τῶν
843 2837 875 2895 Α
880 2834 919 2912 Β,
939 2832 1002 2894 ΓΔ
1019 2822 1122 2912 ὅμοια

51 2949 85 2998 25
104 2932 257 3020 τμήματα
279 2932 413 3000 κύκλων
431 2931 470 3000 τὰ
486 2940 597 3019 ΑΕΒ,
622 2939 721 3001 ΓΖΛ
732 2953 738 2967 ·
762 2934 859 3019 λέγω,
883 2931 934 3000 ὅτι
954 2939 1030 3000 ίσον
1050 2934 1122 3000 ἐστὶ

105 3039 142 3106 τὸ
167 3047 267 3107 ΑΕΒ
290 3043 401 3126 τμῆμα
424 3044 470 3131 τῷ
494 3045 595 3107 ΓΖΛ
617 3039 770 3126 τμήματι.

179 3225 202 3272 1.
222 3214 267 3287 αἱ]
288 3213 305 3286 ή
324 3216 358 3283 V,
378 3233 448 3271 corr.
467 3236 503 3271 m.
520 3224 544 3270 2.
626 3222 651 3270 2.
671 3213 755 3287 είσίν]
776 3215 862 3286 PFp3
881 3212 940 3270 είσί
953 3214 1028 3301 BV„
1097 3223 1122 3271 6.

107 3287 171 3360 κγ’]
190 3305 248 3393 ωρω
265 3287 356 3357 liquet
367 3287 403 3372 'in
421 3288 451 3342 F.
492 3358 517 3410 V
543 3293 567 3342 7.
595 3291 702 3412 κναλέρτνὶ
718 3288 760 3412 {a}
780 3293 872 3411 αὗτάὃ.
896 3287 1124 3427 ἷνσῖαιθήσεὲαιὲ

105 3359 597 3500 ξίΒΡΡ,1ῗύσύύιῗύἷούὐύιεταύὐδ.
690 3429 842 3499 122211'13]
863 3377 987 3504 ύύεὐίεκ
1005 3375 1091 3482 {131¹
1105 3447 1125 3498 p

92 3516 129 3550 m.
148 3508 172 3552 1.
260 3508 302 3556 13.
324 3501 391 3574 ΓΒ]
411 3517 481 3560 corr.
501 3517 535 3556 ex
556 3504 603 3555 ΓΔ
621 3499 647 3554 V
665 3506 745 3558 m.2.
818 3506 860 3554 14.
880 3495 956 3554 ἐστιν
974 3497 1004 3554 P.
1081 3505 1125 3554 16.
