2356 3818
106 152 150 216 62
484 157 687 209 ΣΤΟῘΧΕῙΩΝ
703 149 744 209 α’.

576 296 644 368 κς’.

170 417 258 487 Ἐὰν
282 419 354 488 δύο
378 425 552 510 τρίγωνα
575 418 643 500 τὰς
667 419 739 487 δύο
763 428 909 507 γωνίας
933 422 1023 490 δυσὶ
1047 449 1120 509 γω-

105 533 214 606 νίαις
238 534 325 607 ἴσας
343 531 408 617 ἔχη
429 528 618 617 ἑκατέραν
637 527 801 618 ἑκατέρᾳ
819 529 883 596 καῖ
897 533 991 615 μίαν
1005 536 1121 597 πλευ-

106 631 180 721 ρὰν
203 637 273 723 μιᾷ
296 637 445 724 πλευρᾷ
471 642 561 721 ἴσην
583 631 671 722 ἦχοι
694 635 766 722 τὴν
787 633 884 724 πρὸς
906 649 991 715 ταῖς
1015 644 1121 716 ἴσαις

71 746 271 826 σγωνίαις
307 737 328 826 v}
361 737 432 827 τὴν
468 738 762 809 ὑποτείνουσαν
799 737 874 808 ὑπὸ
913 747 1006 828 μίαν
1043 748 1122 811 τῶν

107 854 204 917 ἴσων
227 852 398 934 γωνιῶν,
418 848 484 915 καὶ
507 845 574 928 τὰς
591 844 732 927 λοιπὰς
750 846 1019 936 πλευρὰςταῖς
1037 857 1120 916 λοι-

106 968 195 1034 παῖς
235 962 426 1043 πλευραῖς
464 962 550 1035 ἴσας
589 955 667 1035 ἔξει
706 954 909 1041 [ἑκατέραν
942 954 1119 1045 ἑκατέρᾳ]

106 1061 170 1128 καὶ
192 1058 264 1146 τὴν
286 1059 431 1146 λοιπὴν
454 1065 607 1146 γωνίαν
629 1063 673 1148 vy}
696 1064 814 1146 λοιπῇ
838 1067 972 1152 γωνία.

165 1166 272 1234 Ἔστω
297 1168 359 1234 δύο
382 1172 528 1252 τρίγωνα
549 1164 591 1232 τὰ
615 1171 729 1252 ΑΒΓ,
762 1172 864 1232 ΑΕΖ
887 1165 946 1247 τὰς
969 1167 1032 1235 δύο
1056 1193 1120 1254 γω-

55 1286 88 1335 10
107 1281 181 1353 νίας
203 1271 262 1353 τὰς
283 1270 350 1341 ὑπὸ
364 1277 480 1357 ΑΒΓ,
503 1279 599 1340 ΒΓΑ
618 1274 695 1340 δυσί
714 1285 786 1353 ταῖς
799 1271 865 1342 ὑπὸ
882 1280 998 1359 ΔΕΖ,
1017 1280 1120 1340 ΕΖΔ

107 1387 181 1459 ἴσας
204 1383 323 1466 ἔχοντα
346 1380 505 1465 ἑκατέραν
529 1380 677 1470 ἑκατέρη,
701 1378 761 1466 τὴν
785 1378 847 1466 μέν
869 1377 936 1447 ὑπὸ
962 1385 1065 1447 ΑΒΓ
1078 1384 1118 1469 vy}
1158 1457 1161 1461 ,

105 1484 171 1553 ὑπὸ
197 1492 309 1572 ΔΒΖ,
332 1484 395 1571 τὴν
418 1485 455 1553 δὲ
478 1483 543 1554 ὑπὸ
562 1489 657 1553 ΒΓΑ
675 1490 715 1574 vy}
741 1483 804 1554 ὑπὸ
825 1494 939 1562 ΕΖΔ·
964 1488 1062 1574 ἐχέτω
1082 1486 1120 1555 δέ

105 1593 161 1660 καῖ
180 1597 260 1680 μίαν
279 1591 427 1682 πλευρὰν
447 1596 506 1682 μιᾷ
525 1596 653 1680 πλευρᾷ
670 1599 757 1678 ἴσην,
775 1591 940 1678 πρότερον
954 1591 1018 1679 τὴν
1035 1592 1120 1680 πρὸς

106 1712 178 1779 ταῖς
200 1707 287 1779 ἴσαις
310 1704 448 1785 γωνίαις
470 1697 611 1786 τὴνΒΓ
628 1700 668 1786 vy}
693 1705 766 1765 ΕΖ·
791 1701 887 1785 λέγω,
912 1698 962 1768 ὅτι
985 1701 1042 1767 καὶ
1060 1698 1120 1780 τὰς

54 1816 87 1865 15
106 1805 224 1886 λοιπὰς
251 1802 394 1893 πλευρὰς
420 1818 493 1885 ταῖς
519 1813 651 1884 λοιπαῖς
677 1812 835 1893 πλευραῖς
863 1814 935 1886 ἴσας
959 1806 1023 1886 ἕξει
1046 1806 1119 1872 ἕκα-

105 1914 205 2002 τέραυ
232 1913 385 2003 ἑκατέρα,
413 1909 475 1997 τὴν
503 1911 564 1998 μὲν
592 1919 659 1979 ΑΒ
686 1915 726 1999 vy}
751 1917 822 1976 ΔΒ
841 1910 904 1997 τὴν
931 1911 969 1979 δὲ
991 1918 1061 1981 ΑΓ
1078 1915 1118 2003 vy}

107 2028 140 2086 Δ
146 2028 184 2106 Ζ,
206 2020 262 2087 καῖ
285 2019 346 2107 τὴν
369 2017 492 2105 λοιπὴν
515 2023 642 2104 γωνίαν
661 2020 700 2104 vy}
719 2020 818 2105 λοιπῇ
832 2024 952 2109 γωνία,
976 2017 1038 2106 τὴν
1052 2016 1117 2109 ὑπὸ

106 2129 209 2191 ΒΑΓ
226 2128 265 2213 vy}
288 2123 354 2193 ὑπὸ
380 2132 489 2192 ΕΛΖ.

172 2234 217 2297 Εἴ
238 2229 302 2319 γὰρ
326 2229 444 2310 ἄνισός
466 2233 556 2299 ἐστιν
570 2228 591 2319 y}
607 2237 671 2297 AB
687 2235 727 2319 vy}
743 2238 821 2316 ΔΒ,
840 2237 899 2317 μία
913 2229 1027 2298 αὐτῶν
1049 2236 1118 2316 μεί-

53 2350 86 2398 ιο
107 2343 171 2419 ζων
195 2340 293 2405 ἐστίν.
317 2342 400 2404 ἔστω
424 2343 543 2424 μείζων
567 2334 678 2424 ἡΑΒ,
702 2336 757 2403 καῖ
776 2340 901 2403 κείσθω
919 2339 959 2424 vy}
980 2343 1013 2402 Α
1019 2343 1050 2402 E
1062 2343 1117 2422 ἴση

106 2441 126 2529 ἡ
150 2449 228 2528 ΒΗ,
251 2444 306 2510 καῖ
330 2444 516 2532 ἐπεζεύχθω
540 2441 560 2530 ἡ
584 2451 623 2512 Η
627 2449 659 2512 Γ.

169 2548 257 2617 Ἐπεὶ
285 2542 349 2619 οὖν
373 2559 427 2638 ἴση
451 2552 542 2618 ἐστὶν
563 2548 584 2637 ἡ
609 2548 670 2636 μέν
693 2556 768 2617 ΒΗ
784 2552 823 2637 vy}
849 2556 928 2633 ΔΕ,
950 2545 971 2636 ἡ
997 2547 1034 2617 δέ
1056 2555 1123 2617 ΒΓ

105 2660 144 2746 vy}
168 2664 241 2743 ΕΖ,
265 2657 328 2726 δύο
353 2656 395 2743 δὴ
420 2660 457 2725 αἱ
478 2665 554 2745 ΒΗ,
578 2663 644 2725 ΒΓ
662 2656 740 2724 δυσὶ
762 2669 835 2734 ταῖς
858 2663 934 2742 ΑΕ,
963 2663 1024 2723 ΕΖ
1048 2664 1118 2722 ἴσαι

106 2764 191 2831 είσῖν
216 2765 354 2852 ἑκατέρα
377 2764 525 2854 ἑκατέρᾳ·
548 2764 604 2832 καῖ
627 2769 734 2850 γωνία
756 2759 777 2848 ἡ
800 2759 866 2829 ὑπὸ
886 2767 993 2829 ΗΒΓ
1011 2767 1117 2850 γωνίᾳ

52 2883 86 2932 25
105 2874 145 2959 vy}
173 2867 238 2938 ὑπὸ
269 2878 370 2938 ΔΕΖ
399 2879 454 2956 ἴση
482 2873 584 2939 ἐστίν·
615 2869 712 2954 βάσις
735 2866 802 2956 ἄρα
822 2865 845 2954 ἡ
868 2873 940 2935 ΗΓ
959 2866 1054 2953 βάσει
1076 2869 1117 2954 vy}

107 2984 173 3043 ΔΖ
196 2985 252 3062 ἴση
276 2978 381 3064 ἐστίν,
409 2975 525 3044 καὶτὸ
551 2981 655 3042 ΗΒΓ
672 2980 838 3062 τρίγωνον
861 2977 907 3067 τῷ
928 2980 1029 3039 ΑΒΖ
1051 2997 1118 3059 τρι-

104 3107 318 3114 ...ψ-ς...-

176 3172 274 3228 XXVI.
296 3173 455 3243 Olympiod.
473 3173 503 3226 in
516 3171 661 3228 meteorol.
676 3169 702 3224 Π
715 3187 742 3238 p.
755 3177 815 3226 110.
834 3170 951 3225 Boetius
965 3185 991 3237 p.
1003 3172 1064 3234 382,
1076 3173 1117 3220 17.

176 3376 202 3426 2.
221 3365 284 3440 τοῖς]
304 3385 358 3423 om.
378 3367 501 3422 Proclus.
594 3366 674 3437 δυσί]
694 3360 747 3420 δύο
765 3365 894 3430 Ρτοοῖυες
920 3370 982 3425 ταῖς
1000 3365 1068 3416 δυσί
1083 3363 1116 3428 V,

106 3438 329 3507 olympiodorus.
416 3445 440 3493 3.
460 3438 525 3508 καί]
546 3433 596 3508 ἔχη
616 3434 648 3491 δὲ
667 3437 720 3490 καί
735 3435 859 3491 Proclus.
934 3441 957 3489 7.
979 3427 1117 3498 ἑκατέραν

88 3504 235 3577 Atace‘pyr]
251 3525 306 3561 οιω,
326 3508 460 3576 Ρεοοίιιες
480 3508 527 3564 cfr.
548 3526 576 3579 p.
592 3513 689 3580 66,1ι”).
775 3511 801 3561 8.
819 3506 909 3580 γωνίᾳ
928 3506 991 3573 ἴσην
1011 3501 1068 3569 ἕξει
1086 3503 1118 3572 F,
