2356 3818
67 162 132 229 134
406 164 409 169 ·
446 164 647 219 momen
665 160 703 236 μ’.

64 303 102 373 τὸ
127 311 195 372 ΑΛ
221 304 288 394 ἄρα
313 310 360 399 τῷ
382 313 445 374 ΘΖ
473 307 562 374 ἐστιν
591 314 676 375 ίσον.
708 305 843 376 ’κοινὸν
866 312 1078 396 προσκείσθω

65 409 103 480 τὸ
128 418 215 479 ΓΜ·
248 411 331 481 ὅλον
358 412 424 503 ὀίρα
451 410 490 484 τὸ
513 418 595 482 ΑΜ
616 417 663 506 τῷ
686 415 788 490 ΝΞΟ
814 413 969 500 γνώμονί
989 416 1081 482 ἐστιν

66 525 151 586 μοι.
197 515 281 587 σκιὰ
303 517 342 588 ιο
365 528 448 589 AM
465 522 534 588 εστι
555 518 594 589 τὸ
617 517 684 589 ὑπὸ
706 523 776 589 τῶν
798 528 884 605 ΑΛ,
908 527 991 588 ΑΒ·
1023 527 1080 606 κη
1104 506 1109 512 ’

65 626 131 713 γάρ
154 626 244 694 ἐστιν
267 623 288 712 ή
313 631 452 731 ΔΜιτή
478 632 563 693 ΔΒ·
600 625 655 694 καλ
680 624 698 695 ὁ
722 627 824 702 ΝΞΟ
846 624 912 714 ὀίρα
934 625 1082 714 γνώμων

33 740 141 811 σίσος
168 732 236 800 έστλ
263 734 309 824 τῷ
336 729 402 800 ὑπὸ
426 736 493 801 τών
517 741 602 821 ΑΔ,
627 740 693 801 ΛΒ
719 734 953 824 [περιεχομένῳ
977 729 1081 822 ὀρθο-

65 843 201 930 γωνίῳ].
238 838 355 908 κοινὸν
378 844 591 928 προσκείσθω
613 837 651 908 τὸ
676 847 756 926 ΛΗ,
781 838 800 908 ὅ
824 842 915 908 ἐστιν
937 847 1014 908 ίσον
1032 843 1077 931 τῷ

66 940 132 1012 ἀπὸ
155 949 214 1033 τής
235 951 303 1013 ΒΓ
320 945 535 1037 τετραγώνῳ·
562 944 600 1015 τὸ
628 945 694 1036 ὅρα
721 943 788 1014 ὑπὸ
809 950 880 1014 τών
902 954 988 1033 ΑΛ,
1012 952 1080 1013 ΔΒ

66 1051 303 1140 περιεχόμενον
332 1047 547 1139 ὀρθογώνιον
575 1050 656 1140 μετὰ
683 1055 749 1121 τοῦ
772 1049 838 1121 ἀπὸ
865 1055 924 1138 τῆς
946 1057 1007 1120 ΓΒ
1030 1077 1081 1120 τε-

66 1157 242 1243 τραγώνου
269 1165 345 1224 ἴσον
373 1157 443 1226 ἐστὶ
470 1163 515 1248 τῷ
544 1160 646 1235 ΝΞΟ
672 1161 823 1246 γνώμονι
848 1157 904 1226 καὶ
931 1162 977 1250 τῷ
1001 1163 1081 1227 ΛΗ.

15 1276 48 1327 10
67 1261 151 1331 ιἰλλόι
171 1260 305 1340 ὁΝΞΟ
322 1262 468 1350 γνώμων
486 1264 542 1332 καὶ
560 1264 597 1334 τὸ
614 1271 690 1333 ΛΗ
703 1262 785 1334 ὅλον
805 1264 873 1332 ἐστὶ
891 1262 930 1333 τὸ
945 1267 1081 1332 ΓΕΖΔ

67 1368 289 1458 τετράγωνον,
318 1368 337 1438 ὅ
366 1373 455 1439 ἐστιν
484 1366 549 1439 ἀπὸ
577 1374 636 1458 τής
658 1376 735 1438 ΓΛ·
767 1369 805 1438 τὸ
832 1368 900 1459 ὀίρα
921 1367 987 1438 ὑπὸ
1012 1373 1081 1437 τών

67 1487 100 1544 Α
106 1483 154 1561 Δ,
187 1483 253 1544 ΔΒ
289 1473 526 1564 περιεχόμενον
559 1475 774 1566 ὀρθογώνιον
807 1475 887 1563 μετὰ
920 1479 980 1544 τοῦ
1013 1473 1079 1544 ἀπὸ

66 1586 124 1668 τής
142 1587 203 1649 ΓΒ
226 1582 438 1672 τετραγώνου
462 1592 538 1652 λσον
560 1586 630 1652 ἐστὶ
652 1587 698 1676 τῷ
722 1581 788 1651 ἀπὸ
811 1586 869 1670 τής
883 1588 945 1650 ΓΛ
967 1607 1080 1670 τετρα-

67 1688 175 1780 γώνῳ.
1071 1695 1075 1701 ’

15 1807 48 1857 15
131 1792 211 1863 Ἐὰν
239 1793 305 1882 ὅρα
333 1794 453 1864 εὐθεῖα
479 1795 613 1885 γραμμή
644 1799 755 1885 τμηθή
787 1799 879 1883 δίχα,
910 1798 1080 1883 προστεθῇ

67 1903 107 1969 δέ
126 1929 175 1983 τις
199 1900 282 1991 αὐτή
306 1898 423 1972 εόθεία
447 1899 498 1972 ἐπ’
515 1899 660 1989 εὐθείας,
683 1901 722 1970 τὸ
745 1899 811 1970 ὑπὸ
835 1905 893 1987 τῆς
917 1898 995 1987 ὅλης
1013 1898 1080 1967 σὺν

66 2013 106 2096 τή
139 2009 359 2098 προσκειμένῃ
392 2009 447 2077 καὶ
479 2013 538 2096 τής
569 2007 810 2096 προσκειμένης
842 2005 1081 2094 περιεχόμενον

68 2114 281 2201 ὀρθογώνιον
308 2113 389 2201 μετὰ
415 2110 476 2183 τοῦ
505 2112 571 2183 ἀπὸ
599 2117 658 2202 τής
685 2111 837 2201 ἡμισείας
867 2111 1105 2205 τετραγώνου,

68 2227 144 2286 ἴσον
167 2221 235 2287 ἐστὶ
257 2223 303 2312 τῷ
327 2218 393 2289 ἀπὸ
417 2225 475 2307 τής
499 2221 715 2307 συγκειμένης
738 2225 774 2287 ἔκ
795 2245 829 2288 τε
852 2223 910 2306 τῆς
927 2215 1080 2306 ἡμισείας

16 2339 50 2389 20
68 2326 123 2392 καὶ
146 2329 204 2411 τῆς
226 2326 467 2414 προσκειμένης
489 2324 704 2416 τετραγώνῳ·
728 2323 810 2413 ὅπερ
834 2328 902 2392 ἔδει
926 2327 1040 2404 δείξαι.

14 2734 18 2743 ⁸
132 2641 219 2712 Ἐὰν
246 2641 387 2712 εόθεία
414 2642 570 2732 γραμμή
598 2646 744 2731 τμηθή,
777 2639 827 2722 ώς
852 2647 1004 2742 ἔτυχεν,
1036 2638 1080 2708 τὸ

68 2747 142 2819 ὀκό
174 2755 242 2837 τής
269 2749 363 2838 ὅλης
388 2751 453 2819 καὶ
479 2749 521 2818 τὸ
551 2747 614 2836 ἀφ’
647 2748 736 2828 ἑνὸς
762 2753 839 2817 τών
869 2746 1081 2841 τμημάτων

69 2855 112 2923 τὰ
138 2856 418 2945 συναμφότερα
443 2855 668 2945 τετράγωνα
692 2863 757 2922 ίσα
781 2855 862 2922 ἐστὶ
884 2858 934 2943 τῷ
958 2878 997 2920 τε
1020 2853 1083 2932 δὶς

16 2976 50 3026 2⁶
69 2960 144 3031 ὑπὸ
167 2966 235 3049 τής
258 2960 351 3049 ὅλης
368 2963 434 3030 καὶ
448 2967 517 3030 τοῦ
533 2962 746 3050 εἰρημένου
760 2959 959 3047 τμήματος
973 2981 1082 3046 περι-

70 3071 242 3161 εχομένῳ
281 3064 515 3159 ὀρθογωνίῳ
547 3067 612 3135 καὶ
644 3071 693 3157 τῷ
727 3062 801 3134 ἀπὸ
833 3069 904 3133 τοῦ
936 3067 1082 3133 λοιποῦ

69 3174 267 3263 τμήματος
289 3173 530 3264 τετραγώνῳ.

136 3279 268 3350 Γιόθεία
289 3283 353 3368 γιίρ
376 3306 426 3360 τις
448 3276 469 3365 ή
489 3286 554 3345 ΑΒ
575 3275 761 3364 τετμήσθω,
787 3274 831 3356 ὡς
849 3277 975 3363 ἔτυχεν,
998 3276 1083 3344 κατὰ

132 3515 157 3561 J.
176 3510 249 3579 ΑΛ]
263 3513 320 3564 AA
334 3509 365 3565 P.
449 3503 520 3582 ἄρα]
539 3523 594 3564 om.
613 3506 643 3565 F.
717 3507 782 3579 ΘΖ]
800 3523 869 3564 corr.
888 3523 922 3562 ex
941 3508 993 3561 ΖΘ
1011 3507 1044 3562 V.
