<?xml version="1.0" encoding="UTF-8"?>
<!DOCTYPE html PUBLIC "-//W3C//DTD XHTML 1.0 Transitional//EN"
    "http://www.w3.org/TR/xhtml1/DTD/xhtml1-transitional.dtd">
<html xmlns="http://www.w3.org/1999/xhtml" xml:lang="en" lang="en">
 <head>
  <title>
</title>
<meta http-equiv="Content-Type" content="text/html;charset=utf-8" />
  <meta name='ocr-system' content='tesseract 3.04.00' />
  <meta name='ocr-capabilities' content='ocr_page ocr_carea ocr_par ocr_line ocrx_word'/>
</head>
<body>
  <div class='ocr_page' id='page_1' title='image "./euclidisoperaom07unkngoog_0281.png"; bbox 0 0 2356 3818; ppageno 0'>
   <div class='ocr_carea' id='block_1_1' title="bbox 42 755 1115 3151">
    <p class='ocr_par' dir='ltr' id='par_1_1' title="bbox 62 755 1115 1454">
     <span class='ocr_line' id='line_1_1' title="bbox 583 755 631 830; baseline -0.063 0"><span class='ocrx_word' id='word_1_1' title='bbox 583 755 631 830; x_wconf 74' lang='grc' dir='ltr'><strong><em>δ’.</em></strong></span> 
     </span>
     <span class='ocr_line' id='line_1_2' title="bbox 545 923 662 1012; baseline 0.009 -20"><span class='ocrx_word' id='word_1_2' title='bbox 545 923 662 1012; x_wconf 81' lang='grc' dir='ltr'><strong><em>Ὅροι.</em></strong></span> 
     </span>
     <span class='ocr_line' id='line_1_3' title="bbox 86 1044 1115 1137; baseline -0.003 -19"><span class='ocrx_word' id='word_1_3' title='bbox 86 1112 89 1118; x_wconf 93' lang='grc'><strong><em>,</em></strong></span> <span class='ocrx_word' id='word_1_4' title='bbox 165 1049 208 1118; x_wconf 84' lang='grc' dir='ltr'><strong><em>α’.</em></strong></span> <span class='ocrx_word' id='word_1_5' title='bbox 241 1053 362 1137; x_wconf 78' lang='grc' dir='ltr'><strong><em>Σχῆμα</em></strong></span> <span class='ocrx_word' id='word_1_6' title='bbox 385 1047 629 1137; x_wconf 77' lang='grc' dir='ltr'><strong><em>εὐθύγραμμον</em></strong></span> <span class='ocrx_word' id='word_1_7' title='bbox 656 1053 713 1129; x_wconf 77' lang='grc' dir='ltr'><strong><em>εἰς</em></strong></span> <span class='ocrx_word' id='word_1_8' title='bbox 736 1053 863 1137; x_wconf 70' lang='grc' dir='ltr'><strong><em>σχὲμα</em></strong></span> <span class='ocrx_word' id='word_1_9' title='bbox 886 1044 1115 1136; x_wconf 85' lang='grc' dir='ltr'><strong><em>εὐθύγραμ-</em></strong></span> 
     </span>
     <span class='ocr_line' id='line_1_4' title="bbox 97 1153 1114 1242; baseline -0.001 -19"><span class='ocrx_word' id='word_1_10' title='bbox 97 1181 172 1241; x_wconf 85' lang='grc' dir='ltr'><strong><em>μον</em></strong></span> <span class='ocrx_word' id='word_1_11' title='bbox 205 1154 481 1242; x_wconf 79' lang='grc' dir='ltr'><em>ἐγγράφεσθαι</em></span> <span class='ocrx_word' id='word_1_12' title='bbox 512 1155 657 1241; x_wconf 88' lang='grc' dir='ltr'><strong><em>λέγεται,</em></strong></span> <span class='ocrx_word' id='word_1_13' title='bbox 689 1153 772 1223; x_wconf 84' lang='grc' dir='ltr'><strong><em>ὅταν</em></strong></span> <span class='ocrx_word' id='word_1_14' title='bbox 805 1153 925 1240; x_wconf 87' lang='grc' dir='ltr'><em>ἑκάστη</em></span> <span class='ocrx_word' id='word_1_15' title='bbox 954 1158 1024 1223; x_wconf 77' lang='grc' dir='ltr'><strong><em>τῶν</em></strong></span> <span class='ocrx_word' id='word_1_16' title='bbox 1052 1157 1114 1222; x_wconf 83' lang='grc' dir='ltr'><strong><em>τοῦ</em></strong></span> 
     </span>
     <span class='ocr_line' id='line_1_5' title="bbox 97 1259 1115 1348; baseline 0 -20"><span class='ocrx_word' id='word_1_17' title='bbox 97 1261 352 1348; x_wconf 78' lang='grc' dir='ltr'><strong><em>ἐγγραφομένου</em></strong></span> <span class='ocrx_word' id='word_1_18' title='bbox 375 1259 542 1348; x_wconf 78' lang='grc' dir='ltr'><strong><em>σχήματος</em></strong></span> <span class='ocrx_word' id='word_1_19' title='bbox 559 1265 698 1347; x_wconf 78' lang='grc' dir='ltr'><strong><em>γωνιῶν</em></strong></span> <span class='ocrx_word' id='word_1_20' title='bbox 722 1260 861 1347; x_wconf 78' lang='grc' dir='ltr'><strong><em>ἑκάστης</em></strong></span> <span class='ocrx_word' id='word_1_21' title='bbox 879 1263 1023 1344; x_wconf 82' lang='grc' dir='ltr'><strong><em>πλευράς</em></strong></span> <span class='ocrx_word' id='word_1_22' title='bbox 1041 1263 1115 1345; x_wconf 83' lang='grc' dir='ltr'><strong><em>τοῦ,</em></strong></span> 
     </span>
     <span class='ocr_line' id='line_1_6' title="bbox 62 1363 596 1454; baseline 0 -19"><span class='ocrx_word' id='word_1_23' title='bbox 62 1371 146 1446; x_wconf 74' lang='grc' dir='ltr'><strong><em>δείς</em></strong></span> <span class='ocrx_word' id='word_1_24' title='bbox 169 1363 187 1435; x_wconf 81' lang='grc' dir='ltr'>ὃ</span> <span class='ocrx_word' id='word_1_25' title='bbox 212 1365 424 1453; x_wconf 77' lang='grc' dir='ltr'><strong><em>ἐγγράφεται,</em></strong></span> <span class='ocrx_word' id='word_1_26' title='bbox 447 1364 596 1454; x_wconf 89' lang='grc' dir='ltr'><strong><em>άπτηται.</em></strong></span> 
     </span>
    </p>

    <p class='ocr_par' dir='ltr' id='par_1_2' title="bbox 97 1471 1114 1878">
     <span class='ocr_line' id='line_1_7' title="bbox 163 1471 1113 1562; baseline -0.002 -22"><span class='ocrx_word' id='word_1_27' title='bbox 163 1473 209 1559; x_wconf 84' lang='grc' dir='ltr'><strong><em>β’.</em></strong></span> <span class='ocrx_word' id='word_1_28' title='bbox 245 1477 367 1562; x_wconf 80' lang='grc' dir='ltr'><strong><em>Σχῆμα</em></strong></span> <span class='ocrx_word' id='word_1_29' title='bbox 404 1474 442 1542; x_wconf 72' lang='grc' dir='ltr'><strong><em>δὲ</em></strong></span> <span class='ocrx_word' id='word_1_30' title='bbox 477 1471 601 1561; x_wconf 86' lang='grc' dir='ltr'><strong><em>ὁμοίως</em></strong></span> <span class='ocrx_word' id='word_1_31' title='bbox 636 1474 728 1560; x_wconf 83' lang='grc' dir='ltr'><strong><em>περὶ</em></strong></span> <span class='ocrx_word' id='word_1_32' title='bbox 766 1477 893 1562; x_wconf 78' lang='grc' dir='ltr'><strong><em>σχῆμα</em></strong></span> <span class='ocrx_word' id='word_1_33' title='bbox 924 1471 1113 1561; x_wconf 91' lang='grc' dir='ltr'><strong><em>περιγρά-</em></strong></span> 
     </span>
     <span class='ocr_line' id='line_1_8' title="bbox 97 1577 1113 1668; baseline -0.003 -20"><span class='ocrx_word' id='word_1_34' title='bbox 97 1589 247 1666; x_wconf 85' lang='grc' dir='ltr'><strong><em>φεσθαι</em></strong></span> <span class='ocrx_word' id='word_1_35' title='bbox 274 1580 445 1666; x_wconf 90' lang='grc' dir='ltr'><strong><em>λέγεται,</em></strong></span> <span class='ocrx_word' id='word_1_36' title='bbox 474 1577 558 1649; x_wconf 84' lang='grc' dir='ltr'><strong><em>ὅταν</em></strong></span> <span class='ocrx_word' id='word_1_37' title='bbox 584 1579 704 1666; x_wconf 85' lang='grc' dir='ltr'><em>ἑκάστη</em></span> <span class='ocrx_word' id='word_1_38' title='bbox 728 1578 854 1668; x_wconf 84' lang='grc' dir='ltr'><strong><em>πλευρά</em></strong></span> <span class='ocrx_word' id='word_1_39' title='bbox 872 1583 934 1647; x_wconf 83' lang='grc' dir='ltr'><strong><em>τοῦ</em></strong></span> <span class='ocrx_word' id='word_1_40' title='bbox 956 1602 1113 1667; x_wconf 91' lang='grc' dir='ltr'><strong><em>περιγρα-</em></strong></span> 
     </span>
     <span class='ocr_line' id='line_1_9' title="bbox 97 1683 1114 1777; baseline -0.002 -23"><span class='ocrx_word' id='word_1_41' title='bbox 97 1687 249 1774; x_wconf 85' lang='grc' dir='ltr'><strong><em>φομένου</em></strong></span> <span class='ocrx_word' id='word_1_42' title='bbox 281 1686 420 1773; x_wconf 78' lang='grc' dir='ltr'><em>ἑκάστης</em></span> <span class='ocrx_word' id='word_1_43' title='bbox 452 1692 576 1773; x_wconf 89' lang='grc' dir='ltr'><strong><em>γωνίας</em></strong></span> <span class='ocrx_word' id='word_1_44' title='bbox 602 1690 679 1773; x_wconf 86' lang='grc' dir='ltr'><strong><em>τού,</em></strong></span> <span class='ocrx_word' id='word_1_45' title='bbox 711 1687 787 1777; x_wconf 79' lang='grc' dir='ltr'><strong><em>περὶ</em></strong></span> <span class='ocrx_word' id='word_1_46' title='bbox 817 1684 836 1754; x_wconf 82' lang='grc' dir='ltr'><strong>ὃ</strong></span> <span class='ocrx_word' id='word_1_47' title='bbox 863 1683 1114 1775; x_wconf 86' lang='grc' dir='ltr'><strong><em>περιγράφεται,</em></strong></span> 
     </span>
     <span class='ocr_line' id='line_1_10' title="bbox 97 1790 249 1878; baseline -0.007 -18"><span class='ocrx_word' id='word_1_48' title='bbox 97 1790 249 1878; x_wconf 80' lang='grc' dir='ltr'><strong><em>ἅπτηται.</em></strong></span> 
     </span>
    </p>

    <p class='ocr_par' dir='ltr' id='par_1_3' title="bbox 45 1895 1115 2198">
     <span class='ocr_line' id='line_1_11' title="bbox 45 1895 1115 1986; baseline 0 -22"><span class='ocrx_word' id='word_1_49' title='bbox 45 1908 79 1958; x_wconf 86' lang='grc'><strong><em>10</em></strong></span> <span class='ocrx_word' id='word_1_50' title='bbox 164 1897 207 1984; x_wconf 84' lang='grc' dir='ltr'><strong><em>γ’.</em></strong></span> <span class='ocrx_word' id='word_1_51' title='bbox 240 1901 371 1985; x_wconf 76' lang='grc' dir='ltr'><strong><em>Σχῆμα</em></strong></span> <span class='ocrx_word' id='word_1_52' title='bbox 394 1895 636 1986; x_wconf 74' lang='grc' dir='ltr'><strong><em>εὐθύγραμμον</em></strong></span> <span class='ocrx_word' id='word_1_53' title='bbox 665 1903 721 1979; x_wconf 73' lang='grc' dir='ltr'><strong><em>εἰς</em></strong></span> <span class='ocrx_word' id='word_1_54' title='bbox 742 1897 889 1967; x_wconf 87' lang='grc' dir='ltr'><strong><em>κύκλον</em></strong></span> <span class='ocrx_word' id='word_1_55' title='bbox 919 1895 1115 1986; x_wconf 86' lang='grc' dir='ltr'><strong><em>ἐγγράφε-</em></strong></span> 
     </span>
     <span class='ocr_line' id='line_1_12' title="bbox 97 2002 1115 2093; baseline 0.001 -23"><span class='ocrx_word' id='word_1_56' title='bbox 97 2013 192 2071; x_wconf 86' lang='grc' dir='ltr'><strong><em>σθαι</em></strong></span> <span class='ocrx_word' id='word_1_57' title='bbox 215 2004 359 2089; x_wconf 88' lang='grc' dir='ltr'><strong><em>λέγεται,</em></strong></span> <span class='ocrx_word' id='word_1_58' title='bbox 387 2002 468 2072; x_wconf 83' lang='grc' dir='ltr'><strong><em>ὅταν</em></strong></span> <span class='ocrx_word' id='word_1_59' title='bbox 497 2003 616 2090; x_wconf 82' lang='grc' dir='ltr'><em>ἑκάστη</em></span> <span class='ocrx_word' id='word_1_60' title='bbox 644 2010 750 2091; x_wconf 84' lang='grc' dir='ltr'><strong><em>γωνία</em></strong></span> <span class='ocrx_word' id='word_1_61' title='bbox 772 2009 834 2073; x_wconf 81' lang='grc' dir='ltr'><strong><em>τοῦ</em></strong></span> <span class='ocrx_word' id='word_1_62' title='bbox 858 2005 1115 2093; x_wconf 79' lang='grc' dir='ltr'><strong><em>ἐγγραφομένου</em></strong></span> 
     </span>
     <span class='ocr_line' id='line_1_13' title="bbox 97 2107 791 2198; baseline 0 -21"><span class='ocrx_word' id='word_1_63' title='bbox 97 2107 238 2196; x_wconf 89' lang='grc' dir='ltr'><strong><em>άπτηται</em></strong></span> <span class='ocrx_word' id='word_1_64' title='bbox 260 2113 318 2195; x_wconf 78' lang='grc' dir='ltr'><strong><em>τῆς</em></strong></span> <span class='ocrx_word' id='word_1_65' title='bbox 340 2113 402 2176; x_wconf 86' lang='grc' dir='ltr'><strong><em>τοῦ</em></strong></span> <span class='ocrx_word' id='word_1_66' title='bbox 424 2107 550 2177; x_wconf 90' lang='grc' dir='ltr'><strong><em>κύκλου</em></strong></span> <span class='ocrx_word' id='word_1_67' title='bbox 569 2117 791 2198; x_wconf 83' lang='grc' dir='ltr'><strong><em>περιφερείας.</em></strong></span> 
     </span>
    </p>

    <p class='ocr_par' dir='ltr' id='par_1_4' title="bbox 97 2212 1114 2410">
     <span class='ocr_line' id='line_1_14' title="bbox 164 2212 1114 2303; baseline 0 -21"><span class='ocrx_word' id='word_1_68' title='bbox 164 2213 207 2282; x_wconf 77' lang='grc' dir='ltr'><strong><em>δ’.</em></strong></span> <span class='ocrx_word' id='word_1_69' title='bbox 245 2218 365 2302; x_wconf 78' lang='grc' dir='ltr'><strong><em>Σχῆμα</em></strong></span> <span class='ocrx_word' id='word_1_70' title='bbox 399 2213 436 2282; x_wconf 74' lang='grc' dir='ltr'><strong><em>δὲ</em></strong></span> <span class='ocrx_word' id='word_1_71' title='bbox 468 2212 709 2303; x_wconf 72' lang='grc' dir='ltr'><strong><em>εὐθύγραμμον</em></strong></span> <span class='ocrx_word' id='word_1_72' title='bbox 743 2215 832 2302; x_wconf 83' lang='grc' dir='ltr'><strong><em>περὶ</em></strong></span> <span class='ocrx_word' id='word_1_73' title='bbox 869 2214 1016 2283; x_wconf 81' lang='grc' dir='ltr'><strong><em>κύκλον</em></strong></span> <span class='ocrx_word' id='word_1_74' title='bbox 1046 2239 1114 2283; x_wconf 89' lang='grc' dir='ltr'><strong><em>πε-</em></strong></span> 
     </span>
     <span class='ocr_line' id='line_1_15' title="bbox 97 2318 1114 2410; baseline 0 -20"><span class='ocrx_word' id='word_1_75' title='bbox 97 2320 370 2410; x_wconf 87' lang='grc' dir='ltr'><strong><em>ριγράφεσθαι</em></strong></span> <span class='ocrx_word' id='word_1_76' title='bbox 412 2322 557 2407; x_wconf 86' lang='grc' dir='ltr'><strong><em>λέγεται,</em></strong></span> <span class='ocrx_word' id='word_1_77' title='bbox 604 2319 685 2389; x_wconf 84' lang='grc' dir='ltr'><strong><em>ὅταν</em></strong></span> <span class='ocrx_word' id='word_1_78' title='bbox 727 2322 847 2408; x_wconf 78' lang='grc' dir='ltr'><em>ἑκάστη</em></span> <span class='ocrx_word' id='word_1_79' title='bbox 888 2318 1013 2410; x_wconf 83' lang='grc' dir='ltr'><strong><em>πλευρά</em></strong></span> <span class='ocrx_word' id='word_1_80' title='bbox 1051 2325 1114 2390; x_wconf 84' lang='grc' dir='ltr'><strong><em>τοῦ</em></strong></span> 
     </span>
    </p>

    <p class='ocr_par' dir='ltr' id='par_1_5' title="bbox 44 2425 1115 2621">
     <span class='ocr_line' id='line_1_16' title="bbox 44 2425 1115 2516; baseline 0.002 -22"><span class='ocrx_word' id='word_1_81' title='bbox 44 2438 78 2487; x_wconf 84' lang='grc'><strong><em>15</em></strong></span> <span class='ocrx_word' id='word_1_82' title='bbox 97 2427 391 2516; x_wconf 78' lang='grc' dir='ltr'><strong><em>περιγραφομένου</em></strong></span> <span class='ocrx_word' id='word_1_83' title='bbox 424 2425 607 2513; x_wconf 85' lang='grc' dir='ltr'><strong><em>ἐφάπτηται</em></strong></span> <span class='ocrx_word' id='word_1_84' title='bbox 638 2432 698 2513; x_wconf 52' lang='grc' dir='ltr'><strong><em>τοῖς</em></strong></span> <span class='ocrx_word' id='word_1_85' title='bbox 728 2431 790 2497; x_wconf 84' lang='grc' dir='ltr'><strong><em>τού</em></strong></span> <span class='ocrx_word' id='word_1_86' title='bbox 821 2426 948 2495; x_wconf 94' lang='grc' dir='ltr'><strong><em>κύκλου</em></strong></span> <span class='ocrx_word' id='word_1_87' title='bbox 981 2451 1115 2514; x_wconf 86' lang='grc' dir='ltr'><strong><em>περιφε-</em></strong></span> 
     </span>
     <span class='ocr_line' id='line_1_17' title="bbox 105 2540 205 2621; baseline 0.02 -21"><span class='ocrx_word' id='word_1_88' title='bbox 105 2540 205 2621; x_wconf 83' lang='grc' dir='ltr'><strong><em>ρείας.</em></strong></span> 
     </span>
    </p>

    <p class='ocr_par' dir='ltr' id='par_1_6' title="bbox 95 2637 1115 2939">
     <span class='ocr_line' id='line_1_18' title="bbox 166 2637 1115 2727; baseline 0.002 -21"><span class='ocrx_word' id='word_1_89' title='bbox 166 2639 208 2707; x_wconf 83' lang='grc' dir='ltr'><strong><em>ε’.</em></strong></span> <span class='ocrx_word' id='word_1_90' title='bbox 241 2638 376 2719; x_wconf 89' lang='grc' dir='ltr'><strong><em>Κύκλος</em></strong></span> <span class='ocrx_word' id='word_1_91' title='bbox 399 2638 437 2706; x_wconf 75' lang='grc' dir='ltr'><strong><em>δὲ</em></strong></span> <span class='ocrx_word' id='word_1_92' title='bbox 460 2643 508 2718; x_wconf 83' lang='grc' dir='ltr'><strong><em>είς</em></strong></span> <span class='ocrx_word' id='word_1_93' title='bbox 530 2642 639 2726; x_wconf 79' lang='grc' dir='ltr'><strong><em>σχῆμα</em></strong></span> <span class='ocrx_word' id='word_1_94' title='bbox 663 2637 786 2727; x_wconf 86' lang='grc' dir='ltr'><strong><em>ὁμοίως</em></strong></span> <span class='ocrx_word' id='word_1_95' title='bbox 809 2638 1043 2727; x_wconf 78' lang='grc' dir='ltr'><strong><em>ἐγγράφεσθαι</em></strong></span> <span class='ocrx_word' id='word_1_96' title='bbox 1061 2643 1115 2708; x_wconf 87' lang='grc' dir='ltr'><strong><em>λέ-</em></strong></span> 
     </span>
     <span class='ocr_line' id='line_1_19' title="bbox 96 2743 1114 2835; baseline 0.002 -23"><span class='ocrx_word' id='word_1_97' title='bbox 96 2772 201 2834; x_wconf 88' lang='grc' dir='ltr'><strong><em>γεται,</em></strong></span> <span class='ocrx_word' id='word_1_98' title='bbox 225 2743 306 2813; x_wconf 82' lang='grc' dir='ltr'><strong><em>ὅταν</em></strong></span> <span class='ocrx_word' id='word_1_99' title='bbox 329 2743 350 2831; x_wconf 81' lang='grc' dir='ltr'><em>ἡ</em></span> <span class='ocrx_word' id='word_1_100' title='bbox 374 2749 435 2813; x_wconf 89' lang='grc' dir='ltr'><strong><em>τού</em></strong></span> <span class='ocrx_word' id='word_1_101' title='bbox 454 2744 584 2815; x_wconf 85' lang='grc' dir='ltr'><strong><em>κύκλου</em></strong></span> <span class='ocrx_word' id='word_1_102' title='bbox 600 2746 792 2833; x_wconf 77' lang='grc' dir='ltr'><strong><em>περιφέρεια</em></strong></span> <span class='ocrx_word' id='word_1_103' title='bbox 811 2744 947 2831; x_wconf 80' lang='grc' dir='ltr'><em>ἑκάστης</em></span> <span class='ocrx_word' id='word_1_104' title='bbox 966 2749 1114 2835; x_wconf 85' lang='grc' dir='ltr'><strong><em>πλευρᾶς</em></strong></span> 
     </span>
     <span class='ocr_line' id='line_1_20' title="bbox 95 2849 784 2939; baseline -0.001 -20"><span class='ocrx_word' id='word_1_105' title='bbox 95 2855 170 2938; x_wconf 89' lang='grc' dir='ltr'><strong><em>τού,</em></strong></span> <span class='ocrx_word' id='word_1_106' title='bbox 194 2857 242 2932; x_wconf 79' lang='grc' dir='ltr'><strong><em>εἰς</em></strong></span> <span class='ocrx_word' id='word_1_107' title='bbox 265 2849 283 2920; x_wconf 78' lang='grc' dir='ltr'>ὃ</span> <span class='ocrx_word' id='word_1_108' title='bbox 308 2849 522 2939; x_wconf 90' lang='grc' dir='ltr'><strong><em>ἐγγράφεται,</em></strong></span> <span class='ocrx_word' id='word_1_109' title='bbox 546 2849 694 2938; x_wconf 81' lang='grc' dir='ltr'><strong><em>ἅπτηται.</em></strong></span> <span class='ocrx_word' id='word_1_110' title='bbox 778 2882 784 2891; x_wconf 91' lang='grc'><em>·</em></span> 
     </span>
    </p>

    <p class='ocr_par' dir='ltr' id='par_1_7' title="bbox 42 2955 1115 3151">
     <span class='ocr_line' id='line_1_21' title="bbox 42 2955 1114 3046; baseline 0.005 -25"><span class='ocrx_word' id='word_1_111' title='bbox 42 2968 78 3021; x_wconf 78' lang='lat'><strong><em>20</em></strong></span> <span class='ocrx_word' id='word_1_112' title='bbox 164 2956 205 3029; x_wconf 82' lang='grc' dir='ltr'><strong><em>ς’.</em></strong></span> <span class='ocrx_word' id='word_1_113' title='bbox 229 2957 364 3038; x_wconf 82' lang='grc' dir='ltr'><strong><em>Κύκλος</em></strong></span> <span class='ocrx_word' id='word_1_114' title='bbox 391 2956 429 3025; x_wconf 75' lang='grc' dir='ltr'><strong><em>δὲ</em></strong></span> <span class='ocrx_word' id='word_1_115' title='bbox 451 2958 526 3045; x_wconf 82' lang='grc' dir='ltr'><strong><em>περὶ</em></strong></span> <span class='ocrx_word' id='word_1_116' title='bbox 550 2961 659 3044; x_wconf 79' lang='grc' dir='ltr'><strong><em>σχῆμα</em></strong></span> <span class='ocrx_word' id='word_1_117' title='bbox 681 2955 949 3046; x_wconf 79' lang='grc' dir='ltr'><strong><em>περιγράφεσθαι</em></strong></span> <span class='ocrx_word' id='word_1_118' title='bbox 972 2958 1114 3045; x_wconf 83' lang='grc' dir='ltr'><strong><em>λέγεται,</em></strong></span> 
     </span>
     <span class='ocr_line' id='line_1_22' title="bbox 97 3061 1115 3151; baseline -0.002 -19"><span class='ocrx_word' id='word_1_119' title='bbox 97 3061 180 3133; x_wconf 81' lang='grc' dir='ltr'><strong><em>ὅταν</em></strong></span> <span class='ocrx_word' id='word_1_120' title='bbox 207 3061 228 3151; x_wconf 79' lang='grc' dir='ltr'><em>ἡ</em></span> <span class='ocrx_word' id='word_1_121' title='bbox 255 3067 317 3132; x_wconf 85' lang='grc' dir='ltr'><strong><em>τού</em></strong></span> <span class='ocrx_word' id='word_1_122' title='bbox 349 3062 476 3132; x_wconf 92' lang='grc' dir='ltr'><strong><em>κύκλου</em></strong></span> <span class='ocrx_word' id='word_1_123' title='bbox 508 3064 700 3151; x_wconf 80' lang='grc' dir='ltr'><strong><em>περιφέρεια</em></strong></span> <span class='ocrx_word' id='word_1_124' title='bbox 728 3062 867 3149; x_wconf 83' lang='grc' dir='ltr'><em>ἑκάστης</em></span> <span class='ocrx_word' id='word_1_125' title='bbox 892 3068 1016 3149; x_wconf 83' lang='grc' dir='ltr'><strong><em>γωνίας</em></strong></span> <span class='ocrx_word' id='word_1_126' title='bbox 1039 3069 1115 3149; x_wconf 84' lang='grc' dir='ltr'><strong><em>τοῦ,</em></strong></span> 
     </span>
    </p>
   </div>
   <div class='ocr_carea' id='block_1_2' title="bbox 99 3167 666 3261">
    <p class='ocr_par' dir='ltr' id='par_1_8' title="bbox 99 3167 666 3261">
     <span class='ocr_line' id='line_1_23' title="bbox 99 3167 666 3261; baseline -0.009 -21"><span class='ocrx_word' id='word_1_127' title='bbox 99 3171 175 3261; x_wconf 83' lang='grc' dir='ltr'><strong><em>περὶ</em></strong></span> <span class='ocrx_word' id='word_1_128' title='bbox 199 3168 218 3239; x_wconf 81' lang='grc' dir='ltr'>ὃ</span> <span class='ocrx_word' id='word_1_129' title='bbox 242 3168 493 3260; x_wconf 87' lang='grc' dir='ltr'><strong><em>περιγράφεται,</em></strong></span> <span class='ocrx_word' id='word_1_130' title='bbox 516 3167 666 3255; x_wconf 82' lang='grc' dir='ltr'><strong><em>άπτηται.</em></strong></span> 
     </span>
    </p>
   </div>
   <div class='ocr_carea' id='block_1_3' title="bbox 95 3298 310 3310">
    <p class='ocr_par' dir='ltr' id='par_1_9' title="bbox 95 3298 310 3310">
     <span class='ocr_line' id='line_1_24' title="bbox 95 3298 310 3310; baseline -0.009 0"><span class='ocrx_word' id='word_1_131' title='bbox 95 3298 310 3310; x_wconf 62' lang='lat' dir='ltr'><strong><em>m·</em></strong></span> 
     </span>
    </p>
   </div>
   <div class='ocr_carea' id='block_1_4' title="bbox 3 3322 1113 3511">
    <p class='ocr_par' dir='ltr' id='par_1_10' title="bbox 3 3322 1113 3511">
     <span class='ocr_line' id='line_1_25' title="bbox 3 3322 1113 3422; baseline 0 -21"><span class='ocrx_word' id='word_1_132' title='bbox 3 3322 33 3359; x_wconf 41' lang='grc' dir='ltr'><strong><em>ι’·</em></strong></span> <span class='ocrx_word' id='word_1_133' title='bbox 166 3354 190 3403; x_wconf 86' lang='grc'><strong><em>1.</em></strong></span> <span class='ocrx_word' id='word_1_134' title='bbox 211 3341 288 3422; x_wconf 79' lang='grc' dir='ltr'><strong><em>ὅροι]</em></strong></span> <span class='ocrx_word' id='word_1_135' title='bbox 307 3365 361 3404; x_wconf 88' lang='lat' dir='ltr'><strong><em>om.</em></strong></span> <span class='ocrx_word' id='word_1_136' title='bbox 381 3345 465 3418; x_wconf 81' lang='lat' dir='ltr'><strong>BFp.</strong></span> <span class='ocrx_word' id='word_1_137' title='bbox 547 3346 684 3402; x_wconf 79' lang='lat' dir='ltr'><strong>Numeros</strong></span> <span class='ocrx_word' id='word_1_138' title='bbox 702 3364 757 3402; x_wconf 88' lang='lat' dir='ltr'><strong><em>om.</em></strong></span> <span class='ocrx_word' id='word_1_139' title='bbox 776 3345 861 3402; x_wconf 81' lang='lat' dir='ltr'><strong>PBF.</strong></span> <span class='ocrx_word' id='word_1_140' title='bbox 942 3352 967 3402; x_wconf 86' lang='lat'><strong><em>4.</em></strong></span> <span class='ocrx_word' id='word_1_141' title='bbox 986 3346 1113 3418; x_wconf 79' lang='grc' dir='ltr'><strong><em>γωνιῶν]</em></strong></span> 
     </span>
     <span class='ocr_line' id='line_1_26' title="bbox 55 3414 1113 3511; baseline 0.002 -40"><span class='ocrx_word' id='word_1_142' title='bbox 55 3418 151 3511; x_wconf 40' lang='grc' dir='ltr'><strong><em>ἐμοῦ</em></strong></span> <span class='ocrx_word' id='word_1_143' title='bbox 169 3435 229 3476; x_wconf 77' lang='lat' dir='ltr'><strong><em>ms.</em></strong></span> <span class='ocrx_word' id='word_1_144' title='bbox 249 3425 264 3475; x_wconf 83' lang='lat'><em>1</em></span> <span class='ocrx_word' id='word_1_145' title='bbox 284 3419 343 3480; x_wconf 72' lang='lat' dir='ltr'><strong>litt.</strong></span> <span class='ocrx_word' id='word_1_146' title='bbox 365 3421 401 3478; x_wconf 87' lang='lat' dir='ltr'><strong><em>V.</em></strong></span> <span class='ocrx_word' id='word_1_147' title='bbox 512 3423 540 3477; x_wconf 83' lang='grc'><strong><em>8.</em></strong></span> <span class='ocrx_word' id='word_1_148' title='bbox 567 3414 793 3489; x_wconf 53' lang='grc' dir='ltr'><strong><em>περιηρύφεταῆ</em></strong></span> <span class='ocrx_word' id='word_1_149' title='bbox 811 3417 887 3471; x_wconf 57' lang='lat' dir='ltr'><strong><em>&#39;mm</em></strong></span> <span class='ocrx_word' id='word_1_150' title='bbox 910 3420 1000 3483; x_wconf 69' lang='grc' dir='ltr'><strong><em>ιολη</em></strong></span> <span class='ocrx_word' id='word_1_151' title='bbox 1019 3423 1036 3470; x_wconf 80' lang='lat'>2</span> <span class='ocrx_word' id='word_1_152' title='bbox 1054 3416 1113 3473; x_wconf 58' lang='lat' dir='ltr'>litt</span> 
     </span>
    </p>
   </div>
   <div class='ocr_carea' id='block_1_5' title="bbox 0 0 1182 3818">
    <p class='ocr_par' dir='ltr' id='par_1_11' title="bbox 0 0 1182 3818">
     <span class='ocr_line' id='line_1_27' title="bbox 0 0 1182 3818; baseline 0 0"><span class='ocrx_word' id='word_1_153' title='bbox 0 0 1182 3818; x_wconf 95' lang='lat' dir='ltr'><strong><em> </em></strong></span> 
     </span>
    </p>
   </div>
  </div>
 </body>
</html>
