2280 3832
442 123 643 176 ΣΤΟΙΧΕΙΩΝ
662 117 701 175 α’.

404 262 551 331 Κοιναί
575 267 739 331 ἔννοιαι.

59 444 61 448 ,
131 385 175 453 α’.
215 385 263 454 Τδ
286 390 331 478 τῷ
356 384 446 477 αὐτῷ
471 395 527 454 ίσα
550 387 605 453 καὶ
628 382 785 473 ἀλλήλοις
808 385 899 455 ἐστὶν
923 394 988 455 ίσα.

131 493 175 579 β’.
208 494 277 561 Καὶ
295 491 357 560 ἐὰν
376 502 462 572 ίσοις
481 501 537 560 ἴσα
554 497 737 581 προστεθῇ,
760 491 801 561 τὰ
821 491 883 561 ὅλα
901 491 995 561 ἐστὶν
1014 503 1083 564 ίσα.

130 599 173 686 μ’.
211 599 279 667 Καὶ
302 597 362 667 ἐὰν
386 597 452 668 ἀπὸ
476 607 560 667 ἴσων
584 607 640 666 ίσα
663 597 847 687 ἀφαιρεθῇ,
869 599 910 666 τὰ
929 607 1083 668 καταλει-

29 705 194 791 5πόμενοί
217 702 308 774 ἐστιν
332 715 396 774 ίσα.

131 811 189 896 [δ’.
226 813 295 881 Καὶ
318 811 379 881 ε’διν
402 810 533 891 ἀνίσοις
556 821 612 880 ἴσα
635 816 822 900 προστεθῇ,
844 808 885 880 τὰ
904 809 967 879 ὅλα
987 809 1083 880 ἐστίν
1117 884 1120 891 ,

63 916 173 987 ἄνισα.
217 907 224 920 ’

131 1025 169 1092 ε’.
198 1025 267 1093 Καὶ
285 1023 325 1091 τὰ
343 1035 405 1092 τοῦ
424 1022 529 1092 αὐτοῦ
548 1022 706 1091 διπλάσια
726 1032 782 1091 ίσα
801 1021 959 1109 ἀλλήλοις
979 1025 1095 1094 ἐστίν’

130 1131 171 1203 ς’.
203 1131 273 1198 Καὶ
296 1128 336 1197 τὰ
358 1133 420 1198 τοῦ
443 1129 548 1199 αὐτοῦ
574 1127 677 1218 ἡμίση
703 1139 759 1198 ίσα
782 1127 939 1216 ἀλλήλοις
963 1129 1082 1214 ἐστίν]
1119 1214 1125 1221 .

30 1253 46 1302 0
133 1236 170 1317 ζ’.
179 1237 248 1304 Καὶ
257 1235 297 1304 τδι
309 1236 540 1324 ἐφαρμόζοντα
550 1236 600 1306 ἐπ’
609 1235 735 1324 ἄλληλα
746 1244 802 1305 ίσα
812 1234 969 1322 ἀλλήλοις
979 1239 1084 1304 ἐστίν.
1119 1252 1125 1299 ,ἱ

129 1343 173 1430 η’.
202 1344 270 1410 Καὶ
293 1342 330 1411 τὸ
358 1342 439 1411 ὅλον
462 1348 523 1413 τοῦ
546 1345 668 1431 μέρους
690 1342 802 1430 μεῖζόν
825 1345 953 1426 [saiw]
1123 1346 1125 1351 ’

131 1449 193 1532 [θ’.
217 1450 285 1516 Καὶ
309 1448 372 1517 δύο
396 1447 527 1518 εὐθεῖαι
550 1455 674 1537 χωρίον
699 1447 740 1517 οὐ
763 1450 1000 1536 περιέχουσιν]

59 1623 111 1714 rs
547 1643 590 1711 α’.

127 1765 208 1835 Ἐπὶ
245 1771 313 1854 της
352 1772 543 1855 δοθείσης
580 1765 744 1847 εὐθείας
775 1743 1085 1855 πεπερασμένης

31 1879 263 1960 στρίγωνον
287 1871 530 1962 ἰσόπλευρον
554 1872 840 1959 συστήσασθαι.

120 1978 229 2047 Ἔστω
253 1977 273 2067 ἡ
299 1984 442 2049 δοθεῖσα
466 1979 584 2049 εὐθεῖα
607 1980 838 2067 πεπερασμένη
862 1976 882 2065 ἡ
907 1987 982 2047 ΑΒ.

32 2129 33 2132 =
131 2093 198 2153 Δεῖ
219 2084 261 2170 δὴ
286 2085 338 2153 έπὶ
361 2092 420 2173 τῆς
439 2095 504 2154 ΑΒ
529 2085 663 2165 εὐθείας
686 2090 851 2172 τρίγωνον
875 2084 1083 2175 ἰσόπλευρον

64 2190 305 2277 συστήσασθαι.

131 2299 269 2389 Κέντρῳ
299 2297 360 2385 μὲν
387 2303 432 2390 τῷ
457 2306 490 2364 A
517 2297 715 2384 διαστήματι
739 2297 776 2364 δὲ
800 2301 845 2389 τῷ
869 2305 933 2364 AB
957 2297 1085 2380 κύκλος

136 2514 215 2564 Κοιν.
237 2507 293 2564 ένν.
310 2514 387 2563 1-3.
407 2509 561 2565 Martianus
580 2509 696 2579 Capella
714 2510 760 2577 VI,
772 2516 832 2567 723.
923 2515 946 2562 l.
966 2509 1081 2580 Philop.

64 2580 95 2634 in
113 2581 184 2635 anal.
205 2579 231 2635 H
249 2580 296 2635 fol.
317 2586 342 2634 5.
373 2580 486 2636 Boetius
505 2600 532 2651 p.
549 2586 645 2649 378,1.
684 2636 686 2640 ,
723 2588 747 2636 2.
767 2581 882 2636 Boetius
901 2584 1040 2662 ρ.378,3.

66 2657 90 2707 3,
110 2651 222 2721 Philop.
241 2651 261 2704 l.
277 2669 299 2706 o.
328 2651 442 2706 Boeiius
461 2658 600 2721 p.3'18,3.
663 2672 665 2678 ·
708 2658 732 2707 4.
753 2652 886 2707 Euiooius
905 2669 935 2705 m
952 2650 1080 2707 Arohim.

64 2720 104 2776 ΠΙ
122 2740 149 2792 p.
165 2728 226 2791 254,
237 2728 280 2776 27.
354 2729 378 2776 7.
397 2722 508 2793 Philop.
527 2722 557 2776 in
575 2722 648 2778 anal.
668 2724 694 2777 ΙΙ
707 2723 756 2777 fol.
768 2728 792 2778 5.
812 2721 927 2777 Boetius
945 2739 973 2790 p.
984 2727 1080 2788 378,7.

135 2809 226 2863 prop.
241 2794 262 2848 Ι.
281 2792 440 2847 Alexander
458 2794 582 2863 Aphrod.
601 2794 632 2848 in
650 2794 722 2850 anal.
738 2794 813 2849 Ifol.
828 2800 864 2861 81,
883 2792 912 2846 in
926 2794 956 2847 to
978 2799 1081 2860 .p.ll.

65 2862 239 2918 Themisiius
257 2864 336 2934 phys.
351 2864 482 2934 paraphr.
497 2864 615 2920 f01‚35v,
637 2863 798 2935 Simplicius
817 2865 847 2918 in
859 2863 940 2987 phys.
954 2811 1003 2918 iol.
1017 2868 1080 2945 1l9.

63 2934 178 2990 Proclus
197 2953 224 3004 p.
241 2940 355 3002 102,14.
375 2941 436 3002 223,
447 2941 490 3003 22,
515 2935 625 3006 Philop.
645 2934 676 2989 in
694 2934 768 2990 anal.
787 2935 814 2988 ΙΙ
832 2935 880 2990 fo.
896 2941 936 2991 4'.
960 2931 1080 2990 Martia-

64 3023 116 3060 nus
134 3004 250 3076 Capella
267 3006 314 3073 VI,
326 3011 385 3060 724.
422 3006 532 3062 Boeiius
551 3025 578 3076 p.
589 3011 677 3074 380,2
698 3006 737 3077 [p.
752 3012 813 3076 390,
824 3005 930 3074 3-25].
946 3005 1080 3060 ⁴Proolus

63 3093 91 3145 p.
106 3082 230 3131 208-10
248 3075 365 3131 liberius
383 3076 520 3148 proposit.
538 3076 643 3148 repetit
660 3079 759 3132 iotam.

136 3262 159 3309 1.
179 3250 326 3325 ἀξιώματα
345 3255 461 3310 Proolus
479 3275 507 3326 p.
520 3261 578 3310 193.
615 3274 687 3310 κοιν.
708 3251 764 3310 ένν.
784 3255 847 3309 αίδε
866 3252 956 3309 BFV.
980 3269 1079 3307 nume-

62 3341 108 3380 ros
127 3343 181 3381 om.
196 3325 284 3382 PBF.
357 3333 382 3381 3.
404 3329 450 3382 ἴσα
470 3328 540 3388 ἴσοις
558 3324 683 3380 Proclus.
756 3327 803 3381 ἴσα
823 3320 898 3380 ἐστίν
916 3323 1040 3379 Proolus.

63 3402 88 3452 4.
108 3391 166 3451 ἀπὸ
184 3398 258 3452 ἴσων
272 3397 331 3467 ίσα]
357 3399 424 3451 λ’σων
443 3398 567 3453 Proolus.
677 3401 701 3451 5.
721 3398 769 3451 ἴσα
787 3392 863 3451 ἐστίν
880 3393 1005 3450 Proolus.

54 3469 109 3517 ali.
130 3474 150 3518 4
175 3485 212 3520 ex
236 3466 442 3524 commentario
467 3467 561 3540 Pappi
586 3466 734 3538 irrepsisse
756 3468 886 3534 sisoim
914 3484 945 3519 o.
960 3466 1082 3520 Proolxrr
