2356 3818
87 175 154 239 210
465 172 667 225 ευοωωαω
685 167 723 239 γ’.

87 326 119 385 A
139 320 279 403 σημείου
301 319 341 404 τῇ
355 322 423 382 BA
435 312 520 403 πρὸς
543 311 652 401 ὀρθὰς
674 309 822 399 ἀγομένη
845 309 940 389 ἐντὸς
957 321 1107 376 πεσεῖται

87 426 149 490 τού
176 421 311 489 κύκλου.
357 418 480 506 ὁμοίως
508 417 550 505 δὴ
578 420 747 505 δείξομεν,
776 415 828 484 ὅτι
856 414 931 483 οὐδ’
962 416 1015 484 ἐπὶ
1046 417 1107 500 τῆς

88 535 311 617 περιφερείας·
336 525 430 606 ἐκτὸς
452 524 528 611 ἄρα.

155 635 308 702 Πιπτέτω
333 630 379 712 ὡς
401 629 422 718 ἡ
447 638 528 699 ΑΕ·
566 631 651 716 λέγω
676 629 731 716 δή,
755 627 807 698 ὅτι
828 633 877 710 είς
898 628 960 697 τὸν
982 625 1108 715 μεταξὺ

54 755 70 806 ο
88 741 193 808 τόπον
221 743 280 826 τῆς
305 763 340 805 τε
364 744 433 804 ΑΕ
454 734 590 815 εὐθείας
612 735 667 803 καί
691 740 750 822 τῆς
772 741 872 803 ΓΘΑ
892 739 1107 824 περιφερείας

87 845 182 932 ἑτέρα
205 842 323 913 εὐθεῖα
346 841 388 912 οὐ
411 856 675 929 παρεμπεσεῖται.

154 949 248 1018 Εί
211 976 277 1037 γαρ
296 949 455 1035 δυνατόν,
474 943 726 1035 παρεμπιπτέτω
746 945 825 1035 ὦςὴ
841 955 915 1033 ΖΑ,
933 945 1029 1014 καὶ”
1007 956 1105 1033 ηχθω

87 1054 239 1126 ἀπὸτοῦ
262 1065 295 1123 Δ
318 1060 458 1141 σημείου
481 1051 592 1121 ἐπὶ
557 1079 621 1139 την
640 1061 704 1120 ΖΑ
729 1051 913 1132 ιιοίθετος
895 1080 915 1139 η
937 1059 1019 1120 ΛΗ.
1050 1052 1107 1119 καὶ

88 1162 158 1231 ἐπεὶ
182 1159 271 1248 ὀρθή
296 1157 435 1228 ἐστιν’
417 1157 528 1245 ηὐπὸ
552 1165 678 1245 ΑΗΔ,
710 1159 857 1227 ἐλάττων
885 1159 923 1226 δὲ
950 1154 1105 1245 ὐρθηςὴ

36 1284 70 1332 10
88 1265 155 1335 ὑπὸ
176 1271 297 1350 ΔΑΗ,
321 1270 440 1350 μείζων
464 1264 530 1351 ἄρα
553 1262 737 1350 ἡΑΔτης
751 1271 832 1333 ΔΗ.
856 1274 912 1351 ἴση
936 1262 1013 1352 δέη
1035 1272 1107 1331 ΔΑ

88 1376 128 1461 τῇ
154 1377 237 1438 ΔΘ·
278 1376 398 1458 μείζων
422 1368 488 1455 ἄρα
510 1368 531 1455 ἡ
556 1377 623 1437 ΔΘ
645 1373 704 1456 τῆς
727 1378 809 1457 ΔΗ,
833 1369 854 1458 ἡ
879 1371 1024 1440 ἐλάττων
1047 1374 1108 1458 τῆς

89 1484 252 1564 μείζονος·
277 1475 358 1563 ὅπερ
382 1476 473 1543 ἐστὶν
496 1473 676 1545 ἆδύνατον.
723 1474 785 1543 οὐκ
808 1475 874 1563 ἄρα
898 1481 945 1556 είς
967 1475 1028 1545 τὸν
1053 1503 1107 1563 με·

89 1582 170 1664 ταξύ
192 1582 297 1652 τόπον
319 1586 379 1668 της
401 1608 436 1650 τε
459 1579 595 1661 εὐθείας
617 1582 673 1648 καὶ
696 1585 755 1668 τῆς
777 1588 987 1670 περιφερείας
1010 1583 1107 1669 ἑτέρα

90 1686 208 1758 εὐθεῖα
231 1675 509 1776 παρεμπεσεῖται.“

38 1813 71 1861 15
159 1796 267 1881 Λέγω,
291 1791 342 1861 ὅτι
365 1793 421 1860 καὶ
442 1791 463 1879 ἡ
483 1791 544 1878 μὲν
562 1796 623 1859 ιού
642 1789 842 1877 ἡμικυκλίου
859 1798 966 1878 γωνία
979 1790 1001 1880 ἡ
1015 1817 1107 1881 περι-

90 1903 230 1989 εχομένη
260 1898 328 1968 ὐπό
350 1925 385 1967 τε
407 1904 467 1985 τῆς
490 1906 557 1966 ΒΑ
580 1896 715 1978 εὐθείας
737 1898 793 1966 καὶ
816 1902 874 1985 τῆς
899 1905 996 1966 ΓΘΑ
1018 1924 1107 1988 περι·

90 2012 224 2095 φερείας
257 2004 389 2091 ἁπάσης
417 2010 543 2090 γωνίας
578 2002 686 2085 ὀξείας
717 2003 963 2092 εὐθυγράμμου
986 2011 1107 2092 μείζων

90 2115 192 2198 ἐστίν,
211 2110 284 2198 ἡδὲ
298 2109 398 2196 λοιπὴ
417 2108 438 2197 ἡ
457 2112 673 2197 περιεχομένη
693 2108 759 2178 ὑπό
778 2136 813 2178 τε
826 2115 885 2197 τῆς
899 2116 997 2179 ΓΘΑ
1015 2135 1107 2196 περι-

90 2222 225 2306 φερείας
252 2218 308 2284 καὶ
335 2221 394 2303 τῆς
417 2225 485 2284 ΑΕ
511 2214 647 2295 εὐθείας
679 2213 809 2303 ἁπάσης
840 2223 965 2300 γωνίας
997 2213 1108 2297 ὀξείας

39 2358 73 2406 20
92 2320 338 2409 εὐθυγράμμου
360 2321 506 2389 ἐλάττων
530 2325 630 2389 ἐστίν.

158 2433 202 2496 Ec
233 2425 298 2514 γὰρ
328 2429 401 2494 ἐστί
423 2454 473 2506 τις
500 2432 606 2513 γωνία
635 2423 874 2514 εὐθύγραμμος
901 2434 1021 2514 μείζων
1044 2427 1107 2514 μὲν

90 2540 148 2621 τῆς
175 2533 411 2620 περιεχομένης
437 2529 503 2600 ὑπό
537 2558 572 2600 τε
604 2535 662 2618 τῆς
694 2539 762 2599 BA
794 2531 929 2613 εὐθείας
960 2534 1016 2601 καὶ
1049 2537 1109 2620 τῆς

91 2647 188 2709 ΓΘΑ
212 2645 437 2727 περιφερείας,
472 2638 617 2705 ἐλάττων
642 2638 680 2706 δὲ
702 2643 760 2725 τῆς
782 2641 1017 2727 περιεχομένης
1040 2637 1108 2707 ὐπό

90 2771 125 2813 τε
147 2749 205 2833 τῆς
217 2751 315 2813 ΓΘΑ
337 2751 548 2833 περιφερείας
570 2745 625 2812 καὶ
648 2749 707 2831 τῆς
725 2752 794 2812 ΑΕ
810 2743 957 2831 εὐθείας,
980 2749 1028 2824 είς
1046 2744 1108 2813 τὸν

38 2886 72 2934 25
91 2850 212 2938 μεταξὺ
240 2851 346 2920 τόπον
374 2856 432 2938 τῆς
458 2877 493 2919 τε
516 2857 613 2919 ΓΘΑ
641 2857 851 2938 περιφερείας
880 2850 939 2917 καὶ·
958 2855 1019 2937 τῆς
1041 2859 1111 2919 ΑΕ

91 2955 228 3037 εὐθείας
260 2956 377 3025 εὐθεῖα
410 2971 679 3044 παρεμπεσεῖται,
710 2955 782 3044 ἥτις
809 2955 942 3042 ποιήσει
972 2963 1109 3044 μείζονα

91 3063 152 3151 μὲν
184 3068 242 3150 τῆς
273 3065 510 3151 περιεχομένης
540 3061 607 3131 ὐπό
639 3090 674 3131 τε
706 3067 765 3150 τῆς
794 3070 861 3130 BA
884 3061 1019 3144 εὐθείας
1051 3064 1109 3132 καὶ

90 3174 233 3308 4539..ss
187 3177 287 3239 ΓΘΑ
241 3177 533 3308 περιφερείας
569 3168 634 3238 ὑπὸ
673 3168 818 3238 εὐθειῶν
855 3171 1109 3258 περιεχομένην,

165 3363 226 3424 1.ὐ
252 3364 370 3436 ’ὐιιρας
390 3363 561 3438 ὐχομίνηρ.
649 3371 673 3419 2.
693 3360 762 3419 οὐδέ
781 3365 863 3433 BFp.
936 3370 961 3418 4.
981 3361 1033 3436 δή]
1053 3382 1109 3422 om.

91 3438 126 3494 V.
213 3390 248 3492 4⁷⁵
259 3440 352 3509 ΓΘΑ]
373 3456 443 3493 corr.
463 3454 497 3492 ex
517 3440 594 3491 ΓΒΑ
614 3454 650 3490 m.
667 3437 735 3490 2V.
828 3441 907 3490 6.υ
873 3430 925 3490 οὐιι
945 3430 1112 3525 ἐμπεσεῖται

76 3507 118 3572 Fi
133 3522 209 3578 παρ
227 3508 292 3563 add
313 3527 350 3565 m.
368 3515 392 3565 2.
471 3516 495 3567 7.
514 3505 726 3578 παρεπιπτέτω,
741 3507 807 3564 444
825 3512 942 3576 Qum
956 3506 990 3561 Γ
1077 3503 1111 3579 ἡ]
