<?xml version="1.0" encoding="UTF-8"?>
<!DOCTYPE html PUBLIC "-//W3C//DTD XHTML 1.0 Transitional//EN"
    "http://www.w3.org/TR/xhtml1/DTD/xhtml1-transitional.dtd">
<html xmlns="http://www.w3.org/1999/xhtml" xml:lang="en" lang="en">
 <head>
  <title>
</title>
<meta http-equiv="Content-Type" content="text/html;charset=utf-8" />
  <meta name='ocr-system' content='tesseract 3.04.00' />
  <meta name='ocr-capabilities' content='ocr_page ocr_carea ocr_par ocr_line ocrx_word'/>
</head>
<body>
  <div class='ocr_page' id='page_1' title='image "./euclidisoperaom07unkngoog_0041.png"; bbox 0 0 2356 3818; ppageno 0'>
   <div class='ocr_carea' id='block_1_1' title="bbox 75 108 739 178">
    <p class='ocr_par' dir='ltr' id='par_1_1' title="bbox 75 108 739 178">
     <span class='ocr_line' id='line_1_1' title="bbox 75 108 739 178; baseline -0.002 -11"><span class='ocrx_word' id='word_1_1' title='bbox 75 134 79 147; x_wconf 68' lang='lat'><strong>¹</strong></span> <span class='ocrx_word' id='word_1_2' title='bbox 102 114 146 178; x_wconf 77' lang='grc'><strong><em>26</em></strong></span> <span class='ocrx_word' id='word_1_3' title='bbox 479 113 680 167; x_wconf 75' lang='grc' dir='ltr'>ΣΤΟΙΧΕΙΩΝ</span> <span class='ocrx_word' id='word_1_4' title='bbox 699 108 739 166; x_wconf 79' lang='grc' dir='ltr'><strong><em>α’,</em></strong></span> 
     </span>
    </p>
   </div>
   <div class='ocr_carea' id='block_1_2' title="bbox 51 252 1117 1405">
    <p class='ocr_par' dir='ltr' id='par_1_2' title="bbox 101 252 1117 663">
     <span class='ocr_line' id='line_1_2' title="bbox 101 252 1116 344; baseline -0.001 -19"><span class='ocrx_word' id='word_1_5' title='bbox 101 261 209 343; x_wconf 94' lang='grc' dir='ltr'><strong><em>γωνία</em></strong></span> <span class='ocrx_word' id='word_1_6' title='bbox 232 253 252 342; x_wconf 80' lang='grc' dir='ltr'><em>ἡ</em></span> <span class='ocrx_word' id='word_1_7' title='bbox 277 253 342 324; x_wconf 83' lang='grc' dir='ltr'><strong><em>ὑπὸ</em></strong></span> <span class='ocrx_word' id='word_1_8' title='bbox 366 263 466 324; x_wconf 88' lang='grc' dir='ltr'><strong><em>ΑΓΔ</em></strong></span> <span class='ocrx_word' id='word_1_9' title='bbox 487 261 528 344; x_wconf 78' lang='grc' dir='ltr'><strong><em>τῇ</em></strong></span> <span class='ocrx_word' id='word_1_10' title='bbox 551 252 617 323; x_wconf 85' lang='grc' dir='ltr'><strong><em>ὑπὸ</em></strong></span> <span class='ocrx_word' id='word_1_11' title='bbox 632 261 751 323; x_wconf 90' lang='grc' dir='ltr'><strong><em>ΑΔΓ·</em></strong></span> <span class='ocrx_word' id='word_1_12' title='bbox 776 258 895 342; x_wconf 81' lang='grc' dir='ltr'><strong><em>μείζων</em></strong></span> <span class='ocrx_word' id='word_1_13' title='bbox 919 253 984 343; x_wconf 78' lang='grc' dir='ltr'><strong><em>ἄρα</em></strong></span> <span class='ocrx_word' id='word_1_14' title='bbox 1008 253 1028 341; x_wconf 84' lang='grc' dir='ltr'><em>ἡ</em></span> <span class='ocrx_word' id='word_1_15' title='bbox 1047 253 1116 324; x_wconf 82' lang='grc' dir='ltr'><strong><em>ὑπὸ</em></strong></span> 
     </span>
     <span class='ocr_line' id='line_1_3' title="bbox 103 358 1116 452; baseline -0.001 -21"><span class='ocrx_word' id='word_1_16' title='bbox 103 370 212 431; x_wconf 84' lang='grc' dir='ltr'><strong><em>ΑΔΓ</em></strong></span> <span class='ocrx_word' id='word_1_17' title='bbox 229 367 287 448; x_wconf 81' lang='grc' dir='ltr'><strong><em>τῆς</em></strong></span> <span class='ocrx_word' id='word_1_18' title='bbox 310 359 375 429; x_wconf 85' lang='grc' dir='ltr'><strong><em>ὑπὸ</em></strong></span> <span class='ocrx_word' id='word_1_19' title='bbox 392 368 509 430; x_wconf 87' lang='grc' dir='ltr'><strong><em>ΔΓΒ·</em></strong></span> <span class='ocrx_word' id='word_1_20' title='bbox 533 364 644 452; x_wconf 76' lang='grc' dir='ltr'><strong><em>πολλῷ</em></strong></span> <span class='ocrx_word' id='word_1_21' title='bbox 666 360 734 449; x_wconf 75' lang='grc' dir='ltr'><strong><em>ἄρα</em></strong></span> <span class='ocrx_word' id='word_1_22' title='bbox 753 358 773 447; x_wconf 78' lang='grc' dir='ltr'><em>ἡ</em></span> <span class='ocrx_word' id='word_1_23' title='bbox 792 359 858 429; x_wconf 84' lang='grc' dir='ltr'><strong><em>ὑπὸ</em></strong></span> <span class='ocrx_word' id='word_1_24' title='bbox 875 366 970 429; x_wconf 88' lang='grc' dir='ltr'><strong><em>ΓΔΒ</em></strong></span> <span class='ocrx_word' id='word_1_25' title='bbox 994 367 1116 448; x_wconf 79' lang='grc' dir='ltr'><strong><em>μείζων</em></strong></span> 
     </span>
     <span class='ocr_line' id='line_1_4' title="bbox 103 465 1116 556; baseline -0.003 -19"><span class='ocrx_word' id='word_1_26' title='bbox 103 468 172 537; x_wconf 78' lang='grc' dir='ltr'><strong><em>ἐστὶ</em></strong></span> <span class='ocrx_word' id='word_1_27' title='bbox 200 472 257 555; x_wconf 76' lang='grc' dir='ltr'><strong><em>τῆς</em></strong></span> <span class='ocrx_word' id='word_1_28' title='bbox 284 465 351 535; x_wconf 79' lang='grc' dir='ltr'><strong><em>ὑπὸ</em></strong></span> <span class='ocrx_word' id='word_1_29' title='bbox 376 473 484 536; x_wconf 92' lang='grc' dir='ltr'><strong><em>ΔΓΒ.</em></strong></span> <span class='ocrx_word' id='word_1_30' title='bbox 534 466 636 536; x_wconf 79' lang='grc' dir='ltr'><strong><em>πάλιν</em></strong></span> <span class='ocrx_word' id='word_1_31' title='bbox 660 467 729 536; x_wconf 80' lang='grc' dir='ltr'><strong><em>ἐπεὶ</em></strong></span> <span class='ocrx_word' id='word_1_32' title='bbox 753 475 808 553; x_wconf 88' lang='grc' dir='ltr'><strong><em>ίση</em></strong></span> <span class='ocrx_word' id='word_1_33' title='bbox 833 468 923 536; x_wconf 82' lang='grc' dir='ltr'><strong><em>ἐστὶν</em></strong></span> <span class='ocrx_word' id='word_1_34' title='bbox 945 466 966 554; x_wconf 82' lang='grc' dir='ltr'><em>ἡ</em></span> <span class='ocrx_word' id='word_1_35' title='bbox 990 474 1051 536; x_wconf 88' lang='grc' dir='ltr'><strong><em>ΓΒ</em></strong></span> <span class='ocrx_word' id='word_1_36' title='bbox 1074 472 1116 556; x_wconf 77' lang='grc' dir='ltr'><strong><em>τῇ</em></strong></span> 
     </span>
     <span class='ocr_line' id='line_1_5' title="bbox 103 570 1117 663; baseline 0 -20"><span class='ocrx_word' id='word_1_37' title='bbox 103 582 186 659; x_wconf 87' lang='grc' dir='ltr'><strong><em>ΔΒ,</em></strong></span> <span class='ocrx_word' id='word_1_38' title='bbox 215 584 270 660; x_wconf 86' lang='grc' dir='ltr'><strong><em>ίση</em></strong></span> <span class='ocrx_word' id='word_1_39' title='bbox 299 571 368 641; x_wconf 80' lang='grc' dir='ltr'><strong><em>ἐστὶ</em></strong></span> <span class='ocrx_word' id='word_1_40' title='bbox 395 575 450 641; x_wconf 79' lang='grc' dir='ltr'><strong><em>καί</em></strong></span> <span class='ocrx_word' id='word_1_41' title='bbox 472 579 580 660; x_wconf 91' lang='grc' dir='ltr'><strong><em>γωνία</em></strong></span> <span class='ocrx_word' id='word_1_42' title='bbox 602 571 623 660; x_wconf 79' lang='grc' dir='ltr'><em>ἡ</em></span> <span class='ocrx_word' id='word_1_43' title='bbox 647 570 713 642; x_wconf 81' lang='grc' dir='ltr'><strong><em>ὑπὸ</em></strong></span> <span class='ocrx_word' id='word_1_44' title='bbox 737 579 832 642; x_wconf 91' lang='grc' dir='ltr'><strong><em>ΓΔΒ</em></strong></span> <span class='ocrx_word' id='word_1_45' title='bbox 855 579 963 663; x_wconf 81' lang='grc' dir='ltr'><strong><em>γωνία</em></strong></span> <span class='ocrx_word' id='word_1_46' title='bbox 985 578 1024 662; x_wconf 76' lang='grc' dir='ltr'><strong><em>τῇ</em></strong></span> <span class='ocrx_word' id='word_1_47' title='bbox 1047 571 1117 643; x_wconf 83' lang='grc' dir='ltr'><strong><em>ὑπὸ</em></strong></span> 
     </span>
    </p>

    <p class='ocr_par' dir='ltr' id='par_1_3' title="bbox 67 677 1115 855">
     <span class='ocr_line' id='line_1_6' title="bbox 67 677 1115 771; baseline 0.003 -26"><span class='ocrx_word' id='word_1_48' title='bbox 67 688 211 749; x_wconf 69' lang='grc' dir='ltr'><strong><em>εΔΓΒ.</em></strong></span> <span class='ocrx_word' id='word_1_49' title='bbox 264 679 400 766; x_wconf 75' lang='grc' dir='ltr'><strong><em>ἐδείχθη</em></strong></span> <span class='ocrx_word' id='word_1_50' title='bbox 433 678 471 746; x_wconf 73' lang='grc' dir='ltr'><strong><em>δὲ</em></strong></span> <span class='ocrx_word' id='word_1_51' title='bbox 501 677 603 765; x_wconf 79' lang='grc' dir='ltr'><strong><em>αὐτῆς</em></strong></span> <span class='ocrx_word' id='word_1_52' title='bbox 634 680 689 747; x_wconf 79' lang='grc' dir='ltr'><strong><em>καί</em></strong></span> <span class='ocrx_word' id='word_1_53' title='bbox 721 684 833 771; x_wconf 76' lang='grc' dir='ltr'><strong><em>πολλῷ</em></strong></span> <span class='ocrx_word' id='word_1_54' title='bbox 862 686 999 767; x_wconf 81' lang='grc' dir='ltr'><strong><em>μείζων·</em></strong></span> <span class='ocrx_word' id='word_1_55' title='bbox 1033 679 1115 768; x_wconf 82' lang='grc' dir='ltr'><strong><em>ὅπερ</em></strong></span> 
     </span>
     <span class='ocr_line' id='line_1_7' title="bbox 101 786 396 855; baseline -0.003 0"><span class='ocrx_word' id='word_1_56' title='bbox 101 786 192 855; x_wconf 78' lang='grc' dir='ltr'><strong><em>ἐστὶν</em></strong></span> <span class='ocrx_word' id='word_1_57' title='bbox 216 786 396 855; x_wconf 76' lang='grc' dir='ltr'><strong><em>ἀδύνατον.</em></strong></span> 
     </span>
    </p>

    <p class='ocr_par' dir='ltr' id='par_1_4' title="bbox 102 890 1117 1195">
     <span class='ocr_line' id='line_1_8' title="bbox 171 890 1117 982; baseline 0 -22"><span class='ocrx_word' id='word_1_58' title='bbox 171 892 242 962; x_wconf 77' lang='grc' dir='ltr'><strong><em>Οὐκ</em></strong></span> <span class='ocrx_word' id='word_1_59' title='bbox 269 892 335 982; x_wconf 80' lang='grc' dir='ltr'><strong><em>ἄρα</em></strong></span> <span class='ocrx_word' id='word_1_60' title='bbox 364 891 416 960; x_wconf 77' lang='grc' dir='ltr'><strong><em>ἐπὶ</em></strong></span> <span class='ocrx_word' id='word_1_61' title='bbox 440 898 498 979; x_wconf 81' lang='grc' dir='ltr'><strong><em>τῆς</em></strong></span> <span class='ocrx_word' id='word_1_62' title='bbox 521 890 624 978; x_wconf 79' lang='grc' dir='ltr'><strong><em>αὐτῆς</em></strong></span> <span class='ocrx_word' id='word_1_63' title='bbox 646 890 781 972; x_wconf 82' lang='grc' dir='ltr'><strong><em>εὐθείας</em></strong></span> <span class='ocrx_word' id='word_1_64' title='bbox 808 893 871 961; x_wconf 76' lang='grc' dir='ltr'><strong><em>δύο</em></strong></span> <span class='ocrx_word' id='word_1_65' title='bbox 899 906 971 973; x_wconf 80' lang='grc' dir='ltr'><strong><em>ταῖς</em></strong></span> <span class='ocrx_word' id='word_1_66' title='bbox 998 891 1117 973; x_wconf 83' lang='grc' dir='ltr'><strong><em>αὐταῖς</em></strong></span> 
     </span>
     <span class='ocr_line' id='line_1_9' title="bbox 102 995 1117 1090; baseline -0.003 -22"><span class='ocrx_word' id='word_1_67' title='bbox 102 998 252 1080; x_wconf 73' lang='grc' dir='ltr'><strong><em>εὐθείαις</em></strong></span> <span class='ocrx_word' id='word_1_68' title='bbox 292 999 392 1066; x_wconf 77' lang='grc' dir='ltr'><strong><em>ἄίίαι</em></strong></span> <span class='ocrx_word' id='word_1_69' title='bbox 435 998 499 1066; x_wconf 73' lang='grc' dir='ltr'><strong><em>δύο</em></strong></span> <span class='ocrx_word' id='word_1_70' title='bbox 536 995 668 1065; x_wconf 77' lang='grc' dir='ltr'><strong><em>εὐθεῖαι</em></strong></span> <span class='ocrx_word' id='word_1_71' title='bbox 707 1006 776 1065; x_wconf 91' lang='grc' dir='ltr'><strong><em>ίσαι</em></strong></span> <span class='ocrx_word' id='word_1_72' title='bbox 808 999 946 1083; x_wconf 78' lang='grc' dir='ltr'><strong><em>ἑκατέρα</em></strong></span> <span class='ocrx_word' id='word_1_73' title='bbox 977 999 1117 1090; x_wconf 74' lang='grc' dir='ltr'><strong><em>ἑκατέρα</em></strong></span> 
     </span>
     <span class='ocr_line' id='line_1_10' title="bbox 103 1102 1117 1195; baseline -0.001 -23"><span class='ocrx_word' id='word_1_74' title='bbox 103 1106 374 1190; x_wconf 77' lang='grc' dir='ltr'><strong><em>συσταθήσονται</em></strong></span> <span class='ocrx_word' id='word_1_75' title='bbox 404 1103 488 1192; x_wconf 86' lang='grc' dir='ltr'><strong><em>πρὸς</em></strong></span> <span class='ocrx_word' id='word_1_76' title='bbox 517 1102 607 1194; x_wconf 79' lang='grc' dir='ltr'><strong><em>ἄλλω</em></strong></span> <span class='ocrx_word' id='word_1_77' title='bbox 637 1104 693 1171; x_wconf 82' lang='grc' dir='ltr'><strong><em>καὶ</em></strong></span> <span class='ocrx_word' id='word_1_78' title='bbox 723 1102 813 1195; x_wconf 77' lang='grc' dir='ltr'><strong><em>ἄλλω</em></strong></span> <span class='ocrx_word' id='word_1_79' title='bbox 844 1110 968 1195; x_wconf 79' lang='grc' dir='ltr'><strong><em>σημείῳ</em></strong></span> <span class='ocrx_word' id='word_1_80' title='bbox 998 1103 1051 1172; x_wconf 78' lang='grc' dir='ltr'><strong><em>ἐπὶ</em></strong></span> <span class='ocrx_word' id='word_1_81' title='bbox 1074 1105 1117 1172; x_wconf 77' lang='grc' dir='ltr'><strong><em>τὰ</em></strong></span> 
     </span>
    </p>

    <p class='ocr_par' dir='ltr' id='par_1_5' title="bbox 51 1208 1116 1405">
     <span class='ocr_line' id='line_1_11' title="bbox 51 1208 1116 1299; baseline 0.004 -26"><span class='ocrx_word' id='word_1_82' title='bbox 51 1225 84 1273; x_wconf 82' lang='grc'><strong><em>10</em></strong></span> <span class='ocrx_word' id='word_1_83' title='bbox 104 1209 187 1278; x_wconf 83' lang='grc' dir='ltr'><strong><em>αὐτὰ</em></strong></span> <span class='ocrx_word' id='word_1_84' title='bbox 221 1212 303 1298; x_wconf 82' lang='grc' dir='ltr'><strong><em>μέρη</em></strong></span> <span class='ocrx_word' id='word_1_85' title='bbox 335 1209 376 1277; x_wconf 79' lang='grc' dir='ltr'><strong><em>τὰ</em></strong></span> <span class='ocrx_word' id='word_1_86' title='bbox 409 1208 493 1278; x_wconf 80' lang='grc' dir='ltr'><strong><em>αὐτὰ</em></strong></span> <span class='ocrx_word' id='word_1_87' title='bbox 526 1212 650 1298; x_wconf 80' lang='grc' dir='ltr'><strong><em>πέρατα</em></strong></span> <span class='ocrx_word' id='word_1_88' title='bbox 682 1215 816 1296; x_wconf 76' lang='grc' dir='ltr'><strong><em>ἔχουσαι</em></strong></span> <span class='ocrx_word' id='word_1_89' title='bbox 849 1225 920 1290; x_wconf 79' lang='grc' dir='ltr'><strong><em>ταῖς</em></strong></span> <span class='ocrx_word' id='word_1_90' title='bbox 949 1208 983 1292; x_wconf 76' lang='grc' dir='ltr'><strong><em>ἐξ</em></strong></span> <span class='ocrx_word' id='word_1_91' title='bbox 1012 1209 1116 1299; x_wconf 78' lang='grc' dir='ltr'><strong><em>ἀρχῆς</em></strong></span> 
     </span>
     <span class='ocr_line' id='line_1_12' title="bbox 103 1306 833 1405; baseline 0 -21"><span class='ocrx_word' id='word_1_92' title='bbox 103 1317 265 1396; x_wconf 74' lang='grc' dir='ltr'><strong><em>εὐθείαις</em></strong></span> <span class='ocrx_word' id='word_1_93' title='bbox 289 1316 370 1405; x_wconf 82' lang='grc' dir='ltr'><strong><em>ὅπερ</em></strong></span> <span class='ocrx_word' id='word_1_94' title='bbox 395 1323 461 1386; x_wconf 76' lang='grc' dir='ltr'><strong><em>ἔδει</em></strong></span> <span class='ocrx_word' id='word_1_95' title='bbox 486 1319 598 1398; x_wconf 81' lang='grc' dir='ltr'><strong><em>δείξαι.</em></strong></span> <span class='ocrx_word' id='word_1_96' title='bbox 815 1306 833 1323; x_wconf 71' lang='grc'><strong><em>’</em></strong></span> 
     </span>
    </p>
   </div>
   <div class='ocr_carea' id='block_1_3' title="bbox 51 1522 1116 1917">
    <p class='ocr_par' dir='ltr' id='par_1_6' title="bbox 51 1522 1116 1917">
     <span class='ocr_line' id='line_1_13' title="bbox 585 1522 630 1581; baseline 0 -17"><span class='ocrx_word' id='word_1_97' title='bbox 585 1522 630 1581; x_wconf 88' lang='grc' dir='ltr'><strong><em>η.</em></strong></span> 
     </span>
     <span class='ocr_line' id='line_1_14' title="bbox 167 1617 1114 1705; baseline 0.001 -20"><span class='ocrx_word' id='word_1_98' title='bbox 167 1617 255 1686; x_wconf 79' lang='grc' dir='ltr'><strong><em>Ἐὰν</em></strong></span> <span class='ocrx_word' id='word_1_99' title='bbox 270 1618 341 1687; x_wconf 77' lang='grc' dir='ltr'><strong><em>δύο</em></strong></span> <span class='ocrx_word' id='word_1_100' title='bbox 361 1624 535 1705; x_wconf 90' lang='grc' dir='ltr'><strong><em>τρίγωνα</em></strong></span> <span class='ocrx_word' id='word_1_101' title='bbox 553 1618 620 1699; x_wconf 81' lang='grc' dir='ltr'><strong><em>τὰς</em></strong></span> <span class='ocrx_word' id='word_1_102' title='bbox 640 1618 710 1687; x_wconf 77' lang='grc' dir='ltr'><strong><em>δύο</em></strong></span> <span class='ocrx_word' id='word_1_103' title='bbox 730 1617 900 1704; x_wconf 80' lang='grc' dir='ltr'><strong><em>πλευρὰς</em></strong></span> <span class='ocrx_word' id='word_1_104' title='bbox 915 1624 1025 1703; x_wconf 76' lang='grc' dir='ltr'><strong><em>[ταῖς]</em></strong></span> <span class='ocrx_word' id='word_1_105' title='bbox 1041 1618 1114 1686; x_wconf 78' lang='grc' dir='ltr'><strong><em>δύο</em></strong></span> 
     </span>
     <span class='ocr_line' id='line_1_15' title="bbox 103 1724 1116 1813; baseline 0 -21"><span class='ocrx_word' id='word_1_106' title='bbox 103 1732 292 1812; x_wconf 75' lang='grc' dir='ltr'><strong><em>πλευραῖς</em></strong></span> <span class='ocrx_word' id='word_1_107' title='bbox 325 1732 412 1805; x_wconf 89' lang='grc' dir='ltr'><strong><em>ίσας</em></strong></span> <span class='ocrx_word' id='word_1_108' title='bbox 446 1730 511 1813; x_wconf 81' lang='grc' dir='ltr'><strong><em>ἔχη</em></strong></span> <span class='ocrx_word' id='word_1_109' title='bbox 547 1725 733 1810; x_wconf 77' lang='grc' dir='ltr'><strong><em>ἑκατέραν</em></strong></span> <span class='ocrx_word' id='word_1_110' title='bbox 762 1726 940 1813; x_wconf 81' lang='grc' dir='ltr'><strong><em>ἑκατέρα,</em></strong></span> <span class='ocrx_word' id='word_1_111' title='bbox 973 1730 1038 1812; x_wconf 76' lang='grc' dir='ltr'><strong><em>ἔχη</em></strong></span> <span class='ocrx_word' id='word_1_112' title='bbox 1073 1724 1116 1792; x_wconf 74' lang='grc' dir='ltr'><strong><em>δὲ</em></strong></span> 
     </span>
     <span class='ocr_line' id='line_1_16' title="bbox 51 1829 1115 1917; baseline 0.005 -25"><span class='ocrx_word' id='word_1_113' title='bbox 51 1841 85 1891; x_wconf 80' lang='lat'><strong><em>15</em></strong></span> <span class='ocrx_word' id='word_1_114' title='bbox 102 1832 166 1897; x_wconf 82' lang='grc' dir='ltr'><strong><em>καὶ</em></strong></span> <span class='ocrx_word' id='word_1_115' title='bbox 193 1829 264 1917; x_wconf 83' lang='grc' dir='ltr'><strong><em>τὴν</em></strong></span> <span class='ocrx_word' id='word_1_116' title='bbox 288 1829 407 1914; x_wconf 86' lang='grc' dir='ltr'><strong><em>βοίσιν</em></strong></span> <span class='ocrx_word' id='word_1_117' title='bbox 436 1834 480 1917; x_wconf 78' lang='grc' dir='ltr'><strong><em>τῇ</em></strong></span> <span class='ocrx_word' id='word_1_118' title='bbox 504 1829 618 1916; x_wconf 80' lang='grc' dir='ltr'><strong><em>βάσει</em></strong></span> <span class='ocrx_word' id='word_1_119' title='bbox 647 1837 757 1916; x_wconf 82' lang='grc' dir='ltr'><strong><em>ίσην,</em></strong></span> <span class='ocrx_word' id='word_1_120' title='bbox 786 1831 850 1898; x_wconf 82' lang='grc' dir='ltr'><strong><em>καὶ</em></strong></span> <span class='ocrx_word' id='word_1_121' title='bbox 873 1830 943 1916; x_wconf 77' lang='grc' dir='ltr'><strong><em>τὴν</em></strong></span> <span class='ocrx_word' id='word_1_122' title='bbox 965 1835 1115 1916; x_wconf 90' lang='grc' dir='ltr'><strong><em>γωνίαν</em></strong></span> 
     </span>
    </p>
   </div>
   <div class='ocr_carea' id='block_1_4' title="bbox 101 1934 1115 2237">
    <p class='ocr_par' dir='ltr' id='par_1_7' title="bbox 101 1934 1115 2237">
     <span class='ocr_line' id='line_1_17' title="bbox 101 1934 1115 2026; baseline 0.002 -24"><span class='ocrx_word' id='word_1_123' title='bbox 101 1939 145 2024; x_wconf 73' lang='grc' dir='ltr'><strong><em>τῇ</em></strong></span> <span class='ocrx_word' id='word_1_124' title='bbox 168 1942 294 2026; x_wconf 81' lang='grc' dir='ltr'><strong><em>γωνία</em></strong></span> <span class='ocrx_word' id='word_1_125' title='bbox 318 1944 410 2024; x_wconf 89' lang='grc' dir='ltr'><strong><em>ίσην</em></strong></span> <span class='ocrx_word' id='word_1_126' title='bbox 434 1938 511 2018; x_wconf 77' lang='grc' dir='ltr'><strong><em>ἔξει</em></strong></span> <span class='ocrx_word' id='word_1_127' title='bbox 534 1934 605 2022; x_wconf 77' lang='grc' dir='ltr'><strong><em>τὴν</em></strong></span> <span class='ocrx_word' id='word_1_128' title='bbox 628 1934 702 2004; x_wconf 83' lang='grc' dir='ltr'><strong><em>ὑπὸ</em></strong></span> <span class='ocrx_word' id='word_1_129' title='bbox 725 1939 802 2002; x_wconf 77' lang='grc' dir='ltr'><strong><em>τῶν</em></strong></span> <span class='ocrx_word' id='word_1_130' title='bbox 822 1944 918 2004; x_wconf 86' lang='grc' dir='ltr'><strong><em>ίσων</em></strong></span> <span class='ocrx_word' id='word_1_131' title='bbox 945 1937 1115 2004; x_wconf 76' lang='grc' dir='ltr'><strong><em>εὐθειῶν</em></strong></span> 
     </span>
     <span class='ocr_line' id='line_1_18' title="bbox 102 2044 399 2130; baseline 0.013 -23"><span class='ocrx_word' id='word_1_132' title='bbox 102 2044 399 2130; x_wconf 83' lang='grc' dir='ltr'><strong><em>περιεχομένην.</em></strong></span> 
     </span>
     <span class='ocr_line' id='line_1_19' title="bbox 160 2147 1115 2237; baseline 0.002 -22"><span class='ocrx_word' id='word_1_133' title='bbox 160 2147 268 2216; x_wconf 84' lang='grc' dir='ltr'><strong><em>Ἔστω</em></strong></span> <span class='ocrx_word' id='word_1_134' title='bbox 293 2148 356 2217; x_wconf 78' lang='grc' dir='ltr'><strong><em>δύο</em></strong></span> <span class='ocrx_word' id='word_1_135' title='bbox 379 2155 527 2237; x_wconf 88' lang='grc' dir='ltr'><strong><em>τρίγωνα</em></strong></span> <span class='ocrx_word' id='word_1_136' title='bbox 548 2148 589 2214; x_wconf 82' lang='grc' dir='ltr'><strong><em>τὰ</em></strong></span> <span class='ocrx_word' id='word_1_137' title='bbox 609 2154 716 2235; x_wconf 83' lang='grc' dir='ltr'><strong><em>ΑΒΓ,</em></strong></span> <span class='ocrx_word' id='word_1_138' title='bbox 736 2156 837 2216; x_wconf 85' lang='grc' dir='ltr'><strong><em>ΔΕΖ</em></strong></span> <span class='ocrx_word' id='word_1_139' title='bbox 854 2148 912 2229; x_wconf 81' lang='grc' dir='ltr'><strong><em>τὰς</em></strong></span> <span class='ocrx_word' id='word_1_140' title='bbox 936 2149 998 2217; x_wconf 81' lang='grc' dir='ltr'><strong><em>δύο</em></strong></span> <span class='ocrx_word' id='word_1_141' title='bbox 1018 2156 1115 2217; x_wconf 78' lang='grc' dir='ltr'><strong><em>πίεν-</em></strong></span> 
     </span>
    </p>
   </div>
   <div class='ocr_carea' id='block_1_5' title="bbox 50 2251 1118 3297">
    <p class='ocr_par' dir='ltr' id='par_1_8' title="bbox 103 2251 1116 2343">
     <span class='ocr_line' id='line_1_20' title="bbox 103 2251 1116 2343; baseline -0.002 -22"><span class='ocrx_word' id='word_1_142' title='bbox 103 2251 163 2343; x_wconf 81' lang='grc' dir='ltr'><strong><em>ρίις</em></strong></span> <span class='ocrx_word' id='word_1_143' title='bbox 180 2253 323 2339; x_wconf 80' lang='grc' dir='ltr'><strong><em>τὰςΑΒ,</em></strong></span> <span class='ocrx_word' id='word_1_144' title='bbox 343 2260 412 2321; x_wconf 90' lang='grc' dir='ltr'><strong><em>ΑΓ</em></strong></span> <span class='ocrx_word' id='word_1_145' title='bbox 425 2266 497 2333; x_wconf 75' lang='grc' dir='ltr'><strong><em>ταῖς</em></strong></span> <span class='ocrx_word' id='word_1_146' title='bbox 516 2253 579 2321; x_wconf 77' lang='grc' dir='ltr'><strong><em>δύο</em></strong></span> <span class='ocrx_word' id='word_1_147' title='bbox 598 2261 756 2343; x_wconf 81' lang='grc' dir='ltr'><strong><em>πλευραῖς</em></strong></span> <span class='ocrx_word' id='word_1_148' title='bbox 773 2267 844 2333; x_wconf 79' lang='grc' dir='ltr'><strong><em>ταῖς</em></strong></span> <span class='ocrx_word' id='word_1_149' title='bbox 860 2262 941 2339; x_wconf 82' lang='grc' dir='ltr'><strong><em>ΔΕ,</em></strong></span> <span class='ocrx_word' id='word_1_150' title='bbox 957 2263 990 2321; x_wconf 92' lang='grc' dir='ltr'><em>Δ</em></span> <span class='ocrx_word' id='word_1_151' title='bbox 996 2261 1022 2320; x_wconf 90' lang='lat' dir='ltr'>Z</span> <span class='ocrx_word' id='word_1_152' title='bbox 1042 2263 1116 2333; x_wconf 86' lang='grc' dir='ltr'><strong><em>ίσας</em></strong></span> 
     </span>
    </p>

    <p class='ocr_par' dir='ltr' id='par_1_9' title="bbox 50 2358 1116 2448">
     <span class='ocr_line' id='line_1_21' title="bbox 50 2358 1116 2448; baseline 0.002 -24"><span class='ocrx_word' id='word_1_153' title='bbox 50 2375 84 2425; x_wconf 79' lang='lat'><strong><em>20</em></strong></span> <span class='ocrx_word' id='word_1_154' title='bbox 103 2366 223 2448; x_wconf 78' lang='grc' dir='ltr'><strong><em>ἔχοντα</em></strong></span> <span class='ocrx_word' id='word_1_155' title='bbox 255 2360 413 2448; x_wconf 83' lang='grc' dir='ltr'><strong><em>ἑκατέραν</em></strong></span> <span class='ocrx_word' id='word_1_156' title='bbox 442 2359 595 2448; x_wconf 77' lang='grc' dir='ltr'><strong><em>ἑκατέρᾳ,</em></strong></span> <span class='ocrx_word' id='word_1_157' title='bbox 624 2358 686 2446; x_wconf 77' lang='grc' dir='ltr'><strong><em>τὴν</em></strong></span> <span class='ocrx_word' id='word_1_158' title='bbox 715 2358 777 2445; x_wconf 73' lang='grc' dir='ltr'><strong><em>μὲν</em></strong></span> <span class='ocrx_word' id='word_1_159' title='bbox 805 2367 870 2428; x_wconf 88' lang='grc' dir='ltr'><strong><em>ΑΒ</em></strong></span> <span class='ocrx_word' id='word_1_160' title='bbox 894 2365 938 2447; x_wconf 77' lang='grc' dir='ltr'><strong><em>τῇ</em></strong></span> <span class='ocrx_word' id='word_1_161' title='bbox 964 2368 1033 2428; x_wconf 88' lang='grc' dir='ltr'><strong><em>ΔΕ</em></strong></span> <span class='ocrx_word' id='word_1_162' title='bbox 1053 2359 1116 2446; x_wconf 81' lang='grc' dir='ltr'><strong><em>τὴν</em></strong></span> 
     </span>
    </p>

    <p class='ocr_par' dir='ltr' id='par_1_10' title="bbox 104 2464 1115 2594">
     <span class='ocr_line' id='line_1_22' title="bbox 104 2464 1115 2594; baseline -0.001 -60"><span class='ocrx_word' id='word_1_163' title='bbox 104 2466 141 2534; x_wconf 72' lang='grc' dir='ltr'><strong><em>δὲ</em></strong></span> <span class='ocrx_word' id='word_1_164' title='bbox 160 2472 230 2534; x_wconf 88' lang='grc' dir='ltr'><strong><em>ΑΓ</em></strong></span> <span class='ocrx_word' id='word_1_165' title='bbox 248 2492 287 2554; x_wconf 85' lang='grc' dir='ltr'><strong><em>τη</em></strong></span> <span class='ocrx_word' id='word_1_166' title='bbox 273 2470 382 2532; x_wconf 85' lang='grc' dir='ltr'><em>”·ΔΖ</em></span> <span class='ocrx_word' id='word_1_167' title='bbox 407 2465 505 2594; x_wconf 81' lang='grc' dir='ltr'><strong><em>ἐχέτω</em></strong></span> <span class='ocrx_word' id='word_1_168' title='bbox 529 2465 567 2533; x_wconf 73' lang='grc' dir='ltr'><strong><em>δὲ</em></strong></span> <span class='ocrx_word' id='word_1_169' title='bbox 589 2465 645 2533; x_wconf 81' lang='grc' dir='ltr'><strong><em>καὶ</em></strong></span> <span class='ocrx_word' id='word_1_170' title='bbox 667 2464 768 2550; x_wconf 80' lang='grc' dir='ltr'><strong><em>βάσιν</em></strong></span> <span class='ocrx_word' id='word_1_171' title='bbox 790 2492 852 2553; x_wconf 89' lang='grc' dir='ltr'><strong><em>την</em></strong></span> <span class='ocrx_word' id='word_1_172' title='bbox 877 2473 943 2534; x_wconf 88' lang='grc' dir='ltr'><strong><em>ΒΓ</em></strong></span> <span class='ocrx_word' id='word_1_173' title='bbox 957 2467 1052 2552; x_wconf 82' lang='grc' dir='ltr'><strong><em>βάσει</em></strong></span> <span class='ocrx_word' id='word_1_174' title='bbox 1074 2491 1115 2588; x_wconf 74' lang='grc' dir='ltr'><strong><em>τη</em></strong></span> 
     </span>
    </p>

    <p class='ocr_par' dir='ltr' id='par_1_11' title="bbox 104 2569 1115 2763">
     <span class='ocr_line' id='line_1_23' title="bbox 104 2569 1115 2661; baseline -0.001 -22"><span class='ocrx_word' id='word_1_175' title='bbox 104 2580 166 2639; x_wconf 87' lang='grc' dir='ltr'><strong><em>ΒΖ</em></strong></span> <span class='ocrx_word' id='word_1_176' title='bbox 182 2581 272 2657; x_wconf 91' lang='grc' dir='ltr'><strong><em>ίσην·</em></strong></span> <span class='ocrx_word' id='word_1_177' title='bbox 297 2570 436 2656; x_wconf 73' lang='grc' dir='ltr'><strong><em>λέγω,”</em></strong></span> <span class='ocrx_word' id='word_1_178' title='bbox 417 2597 469 2639; x_wconf 92' lang='grc' dir='ltr'><strong><em>οτι</em></strong></span> <span class='ocrx_word' id='word_1_179' title='bbox 491 2572 547 2640; x_wconf 81' lang='grc' dir='ltr'><strong><em>καὶ</em></strong></span> <span class='ocrx_word' id='word_1_180' title='bbox 569 2569 716 2658; x_wconf 64' lang='grc' dir='ltr'><strong><em>γωνία“</em></strong></span> <span class='ocrx_word' id='word_1_181' title='bbox 698 2600 719 2658; x_wconf 94' lang='grc' dir='ltr'><strong><em>η</em></strong></span> <span class='ocrx_word' id='word_1_182' title='bbox 743 2570 809 2640; x_wconf 82' lang='grc' dir='ltr'><strong><em>ὑπὸ</em></strong></span> <span class='ocrx_word' id='word_1_183' title='bbox 825 2578 927 2639; x_wconf 88' lang='grc' dir='ltr'><strong><em>ΒΑΓ</em></strong></span> <span class='ocrx_word' id='word_1_184' title='bbox 946 2577 1052 2661; x_wconf 81' lang='grc' dir='ltr'><strong><em>γωνία</em></strong></span> <span class='ocrx_word' id='word_1_185' title='bbox 1074 2572 1115 2657; x_wconf 77' lang='grc' dir='ltr'><strong><em>τῇ</em></strong></span> 
     </span>
     <span class='ocr_line' id='line_1_24' title="bbox 106 2675 499 2763; baseline 0 -18"><span class='ocrx_word' id='word_1_186' title='bbox 106 2675 173 2745; x_wconf 83' lang='grc' dir='ltr'><strong><em>ὑπὸ</em></strong></span> <span class='ocrx_word' id='word_1_187' title='bbox 198 2685 299 2744; x_wconf 87' lang='grc' dir='ltr'><strong><em>ΕΛΖ</em></strong></span> <span class='ocrx_word' id='word_1_188' title='bbox 322 2680 412 2746; x_wconf 83' lang='grc' dir='ltr'><strong><em>ἐστιν</em></strong></span> <span class='ocrx_word' id='word_1_189' title='bbox 435 2687 499 2763; x_wconf 85' lang='grc' dir='ltr'><strong><em>ίση.</em></strong></span> 
     </span>
    </p>

    <p class='ocr_par' dir='ltr' id='par_1_12' title="bbox 167 2781 1115 2873">
     <span class='ocr_line' id='line_1_25' title="bbox 167 2781 1115 2873; baseline -0.001 -22.994"><span class='ocrx_word' id='word_1_190' title='bbox 167 2781 335 2873; x_wconf 80' lang='grc' dir='ltr'><strong><em>’Βφζαρμο</em></strong></span> <span class='ocrx_word' id='word_1_191' title='bbox 335 2785 458 2869; x_wconf 81' lang='grc' dir='ltr'><strong><em>ομένου</em></strong></span> <span class='ocrx_word' id='word_1_192' title='bbox 484 2811 549 2873; x_wconf 91' lang='grc' dir='ltr'><strong><em>γαρ</em></strong></span> <span class='ocrx_word' id='word_1_193' title='bbox 582 2787 642 2852; x_wconf 81' lang='grc' dir='ltr'><strong><em>τοῦ</em></strong></span> <span class='ocrx_word' id='word_1_194' title='bbox 668 2789 771 2852; x_wconf 87' lang='grc' dir='ltr'><strong><em>ΑΒΓ</em></strong></span> <span class='ocrx_word' id='word_1_195' title='bbox 797 2783 965 2873; x_wconf 77' lang='grc' dir='ltr'><strong><em>τριγώνου</em></strong></span> <span class='ocrx_word' id='word_1_196' title='bbox 997 2783 1049 2851; x_wconf 79' lang='grc' dir='ltr'><strong><em>ἐπὶ</em></strong></span> <span class='ocrx_word' id='word_1_197' title='bbox 1077 2782 1115 2849; x_wconf 85' lang='grc' dir='ltr'><strong><em>τὸ</em></strong></span> 
     </span>
    </p>

    <p class='ocr_par' dir='ltr' id='par_1_13' title="bbox 50 2890 1116 2978">
     <span class='ocr_line' id='line_1_26' title="bbox 50 2890 1116 2978; baseline 0.002 -24"><span class='ocrx_word' id='word_1_198' title='bbox 50 2903 85 2954; x_wconf 76' lang='lat'><strong><em>25</em></strong></span> <span class='ocrx_word' id='word_1_199' title='bbox 105 2897 208 2956; x_wconf 84' lang='lat' dir='ltr'><strong><em>AEZ</em></strong></span> <span class='ocrx_word' id='word_1_200' title='bbox 231 2897 397 2978; x_wconf 89' lang='grc' dir='ltr'><strong><em>τρίγωνον</em></strong></span> <span class='ocrx_word' id='word_1_201' title='bbox 420 2891 475 2958; x_wconf 85' lang='grc' dir='ltr'><strong><em>καὶ</em></strong></span> <span class='ocrx_word' id='word_1_202' title='bbox 498 2893 677 2977; x_wconf 82' lang='grc' dir='ltr'><strong><em>τιθεμένου</em></strong></span> <span class='ocrx_word' id='word_1_203' title='bbox 695 2896 757 2959; x_wconf 83' lang='grc' dir='ltr'><strong><em>τοῦ</em></strong></span> <span class='ocrx_word' id='word_1_204' title='bbox 776 2891 838 2977; x_wconf 91' lang='grc' dir='ltr'><strong><em>μεν</em></strong></span> <span class='ocrx_word' id='word_1_205' title='bbox 856 2899 885 2958; x_wconf 87' lang='grc' dir='ltr'><strong>Β</strong></span> <span class='ocrx_word' id='word_1_206' title='bbox 904 2895 1004 2976; x_wconf 90' lang='grc' dir='ltr'><strong><em>σημεί</em></strong></span> <span class='ocrx_word' id='word_1_207' title='bbox 1003 2917 1045 2958; x_wconf 94' lang='grc' dir='ltr'><strong><em>ον</em></strong></span> <span class='ocrx_word' id='word_1_208' title='bbox 989 2890 1116 2957; x_wconf 79' lang='grc' dir='ltr'><strong><em>ίέπί</em></strong></span> 
     </span>
    </p>

    <p class='ocr_par' dir='ltr' id='par_1_14' title="bbox 71 2991 1117 3085">
     <span class='ocr_line' id='line_1_27' title="bbox 71 2991 1117 3085; baseline 0 -24"><span class='ocrx_word' id='word_1_209' title='bbox 71 2993 142 3062; x_wconf 89' lang='grc' dir='ltr'><strong><em>τὸ</em></strong></span> <span class='ocrx_word' id='word_1_210' title='bbox 165 3002 197 3061; x_wconf 87' lang='grc' dir='ltr'><em>Ε</em></span> <span class='ocrx_word' id='word_1_211' title='bbox 223 3008 361 3081; x_wconf 90' lang='grc' dir='ltr'><strong><em>σημειον</em></strong></span> <span class='ocrx_word' id='word_1_212' title='bbox 384 3022 443 3083; x_wconf 89' lang='grc' dir='ltr'><strong><em>της</em></strong></span> <span class='ocrx_word' id='word_1_213' title='bbox 466 2996 504 3064; x_wconf 73' lang='grc' dir='ltr'><strong><em>δε</em></strong></span> <span class='ocrx_word' id='word_1_214' title='bbox 527 3003 594 3065; x_wconf 94' lang='grc' dir='ltr'><strong><em>ΒΓ</em></strong></span> <span class='ocrx_word' id='word_1_215' title='bbox 612 2994 746 3076; x_wconf 86' lang='grc' dir='ltr'><strong><em>εὐθείας</em></strong></span> <span class='ocrx_word' id='word_1_216' title='bbox 769 2991 881 3064; x_wconf 80' lang='grc' dir='ltr'><strong><em>ἐπὶ</em></strong></span> <span class='ocrx_word' id='word_1_217' title='bbox 845 3023 906 3084; x_wconf 92' lang='grc' dir='ltr'><strong><em>την</em></strong></span> <span class='ocrx_word' id='word_1_218' title='bbox 930 3004 992 3064; x_wconf 88' lang='grc' dir='ltr'><strong><em>ΕΖ</em></strong></span> <span class='ocrx_word' id='word_1_219' title='bbox 1016 2998 1117 3085; x_wconf 81' lang='grc' dir='ltr'><strong><em>ἐφαρ</em></strong></span> 
     </span>
    </p>

    <p class='ocr_par' dir='ltr' id='par_1_15' title="bbox 103 3098 1116 3189">
     <span class='ocr_line' id='line_1_28' title="bbox 103 3098 1116 3189; baseline -0.001 -20"><span class='ocrx_word' id='word_1_220' title='bbox 103 3099 199 3187; x_wconf 86' lang='grc' dir='ltr'><strong><em>μόσει</em></strong></span> <span class='ocrx_word' id='word_1_221' title='bbox 226 3101 341 3167; x_wconf 85' lang='grc' dir='ltr'><strong><em>καὶ</em></strong></span> <span class='ocrx_word' id='word_1_222' title='bbox 309 3128 346 3169; x_wconf 88' lang='grc' dir='ltr'><strong><em>το</em></strong></span> <span class='ocrx_word' id='word_1_223' title='bbox 371 3109 403 3170; x_wconf 92' lang='grc' dir='ltr'>Γ</span> <span class='ocrx_word' id='word_1_224' title='bbox 427 3115 567 3189; x_wconf 82' lang='grc' dir='ltr'><strong><em>σημεῖον</em></strong></span> <span class='ocrx_word' id='word_1_225' title='bbox 596 3098 705 3170; x_wconf 79' lang='grc' dir='ltr'><strong><em>ἐπί</em></strong></span> <span class='ocrx_word' id='word_1_226' title='bbox 671 3127 710 3168; x_wconf 88' lang='grc' dir='ltr'><strong><em>το</em></strong></span> <span class='ocrx_word' id='word_1_227' title='bbox 735 3108 761 3167; x_wconf 87' lang='grc' dir='ltr'>Ζ</span> <span class='ocrx_word' id='word_1_228' title='bbox 786 3101 899 3169; x_wconf 81' lang='grc' dir='ltr'><strong><em>ὃια</em></strong></span> <span class='ocrx_word' id='word_1_229' title='bbox 865 3129 903 3170; x_wconf 88' lang='grc' dir='ltr'><strong><em>το</em></strong></span> <span class='ocrx_word' id='word_1_230' title='bbox 928 3111 1006 3189; x_wconf 86' lang='grc' dir='ltr'><strong><em>ίσην</em></strong></span> <span class='ocrx_word' id='word_1_231' title='bbox 1030 3099 1116 3169; x_wconf 79' lang='grc' dir='ltr'><strong><em>εἶναι</em></strong></span> 
     </span>
    </p>

    <p class='ocr_par' dir='ltr' id='par_1_16' title="bbox 103 3205 1118 3297">
     <span class='ocr_line' id='line_1_29' title="bbox 103 3205 1118 3297; baseline 0.003 -24"><span class='ocrx_word' id='word_1_232' title='bbox 103 3207 165 3293; x_wconf 83' lang='grc' dir='ltr'><strong><em>τὴν</em></strong></span> <span class='ocrx_word' id='word_1_233' title='bbox 185 3213 307 3274; x_wconf 93' lang='grc' dir='ltr'><strong><em>ΒΓ</em></strong></span> <span class='ocrx_word' id='word_1_234' title='bbox 268 3235 307 3295; x_wconf 85' lang='grc' dir='ltr'><strong><em>τη</em></strong></span> <span class='ocrx_word' id='word_1_235' title='bbox 327 3216 403 3274; x_wconf 88' lang='grc' dir='ltr'><strong><em>ΕΖ·</em></strong></span> <span class='ocrx_word' id='word_1_236' title='bbox 431 3207 668 3297; x_wconf 78' lang='grc' dir='ltr'><strong><em>ἐφαρμοσασης</em></strong></span> <span class='ocrx_word' id='word_1_237' title='bbox 687 3205 788 3293; x_wconf 82' lang='grc' dir='ltr'><strong><em>δη</em></strong></span> <span class='ocrx_word' id='word_1_238' title='bbox 748 3233 807 3294; x_wconf 90' lang='grc' dir='ltr'><strong><em>της</em></strong></span> <span class='ocrx_word' id='word_1_239' title='bbox 826 3214 893 3276; x_wconf 91' lang='grc' dir='ltr'><strong><em>ΒΓ</em></strong></span> <span class='ocrx_word' id='word_1_240' title='bbox 907 3208 1012 3276; x_wconf 79' lang='grc' dir='ltr'><strong><em>ἐπὶ</em></strong></span> <span class='ocrx_word' id='word_1_241' title='bbox 978 3234 1040 3294; x_wconf 92' lang='grc' dir='ltr'><strong><em>την</em></strong></span> <span class='ocrx_word' id='word_1_242' title='bbox 1055 3216 1118 3276; x_wconf 84' lang='grc' dir='ltr'><strong><em>ΕΖ</em></strong></span> 
     </span>
    </p>
   </div>
   <div class='ocr_carea' id='block_1_6' title="bbox 104 3383 1119 3525">
    <p class='ocr_par' dir='ltr' id='par_1_17' title="bbox 104 3383 1119 3525">
     <span class='ocr_line' id='line_1_30' title="bbox 175 3383 1117 3456; baseline 0 -18"><span class='ocrx_word' id='word_1_243' title='bbox 175 3391 199 3439; x_wconf 80' lang='lat'><strong><em>2.</em></strong></span> <span class='ocrx_word' id='word_1_244' title='bbox 219 3385 281 3456; x_wconf 85' lang='grc' dir='ltr'><strong><em>της]</em></strong></span> <span class='ocrx_word' id='word_1_245' title='bbox 301 3401 370 3441; x_wconf 82' lang='lat' dir='ltr'>corr</span> <span class='ocrx_word' id='word_1_246' title='bbox 390 3400 475 3455; x_wconf 72' lang='grc' dir='ltr'><strong><em>ωιτη</em></strong></span> <span class='ocrx_word' id='word_1_247' title='bbox 464 3383 525 3439; x_wconf 91' lang='lat' dir='ltr'><strong><em>P.</em></strong></span> <span class='ocrx_word' id='word_1_248' title='bbox 598 3390 623 3438; x_wconf 81' lang='lat'><strong>3</strong></span> <span class='ocrx_word' id='word_1_249' title='bbox 644 3383 876 3454; x_wconf 83' lang='lat' dir='ltr'>PB]ecorr.;V</span> <span class='ocrx_word' id='word_1_250' title='bbox 897 3385 1018 3441; x_wconf 80' lang='lat' dir='ltr'><strong>BFBF.</strong></span> <span class='ocrx_word' id='word_1_251' title='bbox 1092 3390 1117 3440; x_wconf 93' lang='lat'><strong><em>4.</em></strong></span> 
     </span>
     <span class='ocr_line' id='line_1_31' title="bbox 104 3450 1119 3525; baseline -0.001 -16"><span class='ocrx_word' id='word_1_252' title='bbox 104 3450 228 3509; x_wconf 77' lang='grc' dir='ltr'><strong><em>ἔστίνΡ.</em></strong></span> <span class='ocrx_word' id='word_1_253' title='bbox 311 3455 399 3522; x_wconf 89' lang='grc' dir='ltr'><strong><em>ΓΔΒ]</em></strong></span> <span class='ocrx_word' id='word_1_254' title='bbox 421 3458 550 3525; x_wconf 79' lang='lat' dir='ltr'>BAPp.</span> <span class='ocrx_word' id='word_1_255' title='bbox 633 3458 657 3508; x_wconf 85' lang='lat'><strong><em>5.</em></strong></span> <span class='ocrx_word' id='word_1_256' title='bbox 676 3454 771 3524; x_wconf 90' lang='grc' dir='ltr'><strong><em>ΔΓΒ]</em></strong></span> <span class='ocrx_word' id='word_1_257' title='bbox 792 3458 913 3525; x_wconf 79' lang='grc' dir='ltr'><strong><em>ΒΓΔμ.</em></strong></span> <span class='ocrx_word' id='word_1_258' title='bbox 995 3462 1036 3510; x_wconf 90' lang='grc'><strong><em>13.</em></strong></span> <span class='ocrx_word' id='word_1_259' title='bbox 1055 3461 1119 3517; x_wconf 82' lang='grc' dir='ltr'><strong><em>ταῖς</em></strong></span> 
     </span>
    </p>
   </div>
   <div class='ocr_carea' id='block_1_7' title="bbox 0 0 1184 3818">
    <p class='ocr_par' dir='ltr' id='par_1_18' title="bbox 0 0 1184 3818">
     <span class='ocr_line' id='line_1_32' title="bbox 0 0 1184 3818; baseline 0 0"><span class='ocrx_word' id='word_1_260' title='bbox 0 0 1184 3818; x_wconf 95' lang='lat' dir='ltr'><strong><em> </em></strong></span> 
     </span>
    </p>
   </div>
  </div>
 </body>
</html>
