2356 3818
103 164 169 230 172
474 164 682 255 mmm
699 156 737 231 ν’·

101 305 163 393 τὴν
187 314 252 374 ΑΒ
273 309 353 393 Βίχα
376 307 519 392 τεμνέτω
548 301 631 372 κατὰ
654 303 692 372 τὸ
718 310 746 371 Ζ
771 317 924 391 σημεῖον·
946 303 1045 390 λέγω,
1069 301 1122 372 ὅτι

101 413 158 480 καὶ
180 409 263 501 πρὸς
283 409 391 500 ὀρθὰς
413 407 520 498 αὐτὴν
542 412 663 498 τέμνει.

169 517 336 606 Εἰλήφθω
364 514 428 606 γὰρ
455 516 494 585 τὸ
523 519 664 606 κέντρον
690 520 753 585 τοῦ
775 523 880 585 ΑΒΓ
897 515 1041 602 κύκλου,
1064 516 1125 584 καὶ,

103 629 185 693 έστω
209 622 247 692 τὸ
272 631 312 709 Ε,
335 623 391 691 καὶ
406 623 658 711 ἐπεζεύχθωσαν
682 626 720 690 αί
740 631 818 709 ΕΑ,
842 630 914 691 ΕΒ.

67 744 83 793 5
169 731 238 799 Καὶ
261 730 331 799 έπεῖ
355 737 410 816 ἴση
435 730 526 798 έστῖν
548 727 569 817 ἡ
590 732 710 819 ΑΖτῇ
726 738 798 815 ΖΒ,
821 726 919 816 κοινὴ
943 727 981 796 δὲ
1004 725 1025 816 ἡ
1045 736 1121 815 ΖΕ,

102 835 166 904 δύο
190 836 290 905 θυσῖν
315 845 384 904 ἴσαι
409 840 541 920 [είσίν]·
563 836 620 903 καὶ
642 834 740 922 βάσις
762 832 783 922 ἡ
804 842 866 903 ΕΑ
885 833 982 921 βάσει
1000 837 1041 924 τῇ
1056 842 1119 902 ΕΒ

103 949 176 1029 ἴση·
199 948 306 1028 γωνία
329 939 396 1027 ἄρα
419 939 438 1029 ἡ
463 939 529 1010 ὑπὸ
549 949 652 1009 ΑΖΕ
671 947 779 1031 γωνίᾳ
800 943 842 1030 τῇ
859 936 925 1008 ὑπὸ
945 946 1047 1009 ΒΖΕ
1063 949 1119 1028 ἴση

102 1050 202 1116 ἐστίν.
248 1045 330 1115 ὅταν
354 1048 391 1116 δέ
415 1046 533 1116 εὐθεῖα
556 1045 607 1115 ἐπ’
632 1046 771 1117 εὐθεῖαν
795 1055 957 1115 σταθεῖσα
979 1045 1039 1128 τὰς
1062 1050 1120 1134 ἐμ

103 1155 177 1241 εξῆς
204 1159 328 1240 γωνίας
356 1161 430 1233 ἴσας
457 1150 617 1241 ἀλλήλαις
643 1160 741 1244 ποιῇ,
770 1152 858 1242 ὀρθὴ
890 1153 1028 1241 ἑκατέρα
1050 1156 1120 1221 τοῖν

51 1273 85 1322 10
104 1267 187 1327 ἴσων
210 1261 346 1345 γωνιῶν
360 1261 468 1327 ἐστιν·
492 1261 630 1350 ἑκατέρα
644 1258 710 1350 α’ρα
723 1265 791 1329 τῶν
804 1258 870 1330 ὑπὸ
886 1267 996 1346 ΑΖΕ,
1019 1265 1122 1328 ΒΖΕ

103 1364 192 1454 ὀρθή
222 1367 322 1433 ἐστιν.
367 1364 388 1452 ἡ
416 1372 479 1434 ΓΔ
506 1364 572 1451 ἄρα
601 1365 657 1434 διὰ
684 1370 746 1435 τοῦ
773 1369 915 1457 κέντρου
943 1357 1029 1434 οὖσα
1056 1363 1119 1452 τὴν

102 1479 168 1540 ΑΒ
196 1468 240 1559 μὴ
269 1470 326 1540 θιὰ
348 1474 411 1540 τοῦ
442 1474 583 1562 κέντρου
616 1465 724 1541 οὖσαν
757 1477 833 1561 δίχα
862 1474 1029 1559 τέμνουσα
1062 1470 1119 1538 καῖ

102 1576 186 1666 πρὸς
209 1576 317 1668 ὀρθὰς
340 1575 460 1666 τέμνει.

167 1683 264 1753 Ἀλλὰ
283 1683 363 1771 θη*
346 1713 366 1773 η
386 1691 448 1753 ΓΛ
466 1712 527 1774 την
536 1692 602 1753 ΑΒ
616 1684 700 1776 πρὸς
719 1684 829 1771 ὀρθας
846 1687 1002 1772 τεμνέτω·
1021 1687 1118 1772 λέγω,

52 1803 83 1853 15
104 1787 156 1858 ὅτι
178 1791 296 1859 καῖί
258 1796 335 1880 θίχα
358 1789 464 1880 αὐτὴν
486 1794 608 1879 τέμνει,
632 1789 858 1910 τουτέστιν,”
839 1818 890 1860 οτι
911 1799 967 1879 ἴση
986 1789 1111 1861 ἐστίν
1094 1818 1116 1879 η

102 1903 168 1965 ΑΖ
190 1924 230 1987 τη
254 1905 323 1965 ΖΒ.

173 2007 249 2072 Των
271 2031 336 2129 γαρ
356 2001 469 2072 αὐτων
486 2005 837 2091 κατασκευασθέντων,
862 2005 931 2073 έπεῖ
952 2012 1007 2091 ἴση
1028 2004 1120 2072 ἐστὶν

102 2135 124 2194 η
152 2117 219 2176 ΕΑ
245 2113 285 2198 τῇ
309 2117 388 2196 ΕΒ,
417 2118 472 2198 ἴση
501 2110 568 2179 έστῖ
596 2110 652 2178 καὶ
679 2115 785 2196 γωνία
812 2107 833 2197 ἡ
862 2108 928 2178 ὑπὸ
952 2118 1053 2178 ΕΑΖ
1076 2113 1118 2198 τῇ

102 2209 169 2281 ὑπὸ
194 2222 299 2283 ΕΒΖ.
346 2216 414 2284 ἐστὶ
443 2215 481 2284 δέ
507 2217 563 2284 καὶ
586 2214 674 2306 ὀρθὴ
702 2213 723 2302 ἡ
750 2213 816 2284 ὑπὸ
841 2224 943 2284 ΑΖΕ
964 2213 1053 2306 ὀρθῇ
1076 2220 1122 2306 τῇ

50 2334 85 2384 20
103 2316 169 2386 ὑπὸ
185 2327 284 2388 ΒΖΕ
301 2329 372 2407 ἴση·
396 2322 459 2390 δύο
484 2321 549 2411 ἄρα
571 2321 719 2411 τρίγωνά
741 2324 811 2390 ἐστι
830 2322 870 2389 τὰ
885 2331 995 2409 ΕΑΖ,
1019 2330 1119 2391 ΕΖΒ

102 2423 162 2505 τὰς
191 2425 253 2493 δύο
281 2432 404 2513 γωνίας
433 2428 510 2496 δυσὶ
537 2433 676 2514 γωνίαις
704 2435 778 2508 ἴσας
805 2433 923 2516 έχοντα
950 2430 1005 2497 καὶ
1037 2434 1119 2516 μίαν

103 2531 251 2620 πλευρὰν
275 2538 334 2623 μιᾷ
359 2536 484 2622 πλευρᾷ
509 2540 587 2619 ἴσην
607 2532 725 2621 κοινὴν
744 2533 856 2603 αὐτῶν
874 2533 937 2622 τὴν
957 2531 1121 2624 ΕΖζὺπο-

102 2643 280 2708 τείνουσαν
299 2636 365 2708 ὑπὸ
385 2645 466 2725 μίαν
485 2643 555 2707 τῶν
573 2640 660 2708 ἴσων
675 2651 825 2727 γωνιῶν·
849 2641 904 2709 καῖ
924 2640 981 2721 τὰς
999 2641 1122 2722 λοιπὰς

103 2742 170 2832 ἄρα
194 2743 338 2834 πλευρὰς
359 2759 431 2825 ταῖς
452 2753 585 2828 λοιπαῖς
607 2755 764 2837 πλευραῖς
784 2756 856 2829 ἴσας
875 2749 957 2829 ἕξει·
981 2755 1036 2834 ἴση
1051 2746 1120 2836 ἄρα

49 2846 123 2936 25η
148 2859 180 2917 Α
186 2858 213 2917 Ζ
235 2855 275 2940 τῇ
300 2860 370 2920 ΖΒ.

101 2978 314 2989 ——-..—-..

175 3054 199 3103 2
219 3066 298 3118 τεμε
288 3049 346 3102 F
430 3051 628 3121 5,ΖΒ]οοιι
647 3049 892 3115 exBZm.2V;
912 3048 1011 3103 BZB.
1093 3056 1119 3107 6.

103 3133 155 3190 θυο
175 3131 210 3204 δή
230 3137 321 3207 BVp‚
340 3137 486 3206 inBseq.
507 3138 625 3206 »-※—(<
712 3135 794 3208 εἰσίν]
815 3154 869 3194 om
888 3136 922 3204 Ρς
943 3136 1042 3207 ε.ίσίμ

103 3225 168 3296 ΕΑ]
187 3227 288 3294 ΑΕφ,
381 3231 405 3278 7
425 3225 516 3295 ΒΖΕ]
537 3226 665 3281 EZBP.
754 3232 777 3280 9.
798 3220 885 3314 ὀρθή
894 3221 969 3280 ἔστιν
970 3227 1044 3313 Bp

103 3300 145 3350 10
165 3290 211 3349 ἐστ
213 3296 252 3366 ν]
274 3313 327 3350 οιιι.
325 3297 408 3382 Bp3
428 3313 513 3365 supra
527 3313 617 3367 comp
632 3315 668 3352 m.
676 3296 734 3351 2V
810 3302 850 3350 10.
871 3290 983 3376 ὅρθη”
965 3315 1022 3367 αρα
1042 3292 1120 3353 ἐστὶν

104 3361 224 3491 εκατέέρα
243 3387 300 3421 των
319 3361 376 3421 υπὸ
395 3369 488 3431 ΑΖΕ,
509 3369 636 3424 ΒΖΕΡ.
710 3370 790 3421 ΑΖΕ
797 3366 944 3439 ,ΒΖΕ]
935 3383 966 3421 ιιι
984 3384 1038 3424 ras,
1057 3368 1090 3429 Β

103 3440 146 3490 11.
165 3431 254 3524 έσγιγ]
275 3452 365 3505 comp
385 3454 470 3506 supra
489 3453 539 3493 scr.
559 3440 589 3492 F.
682 3439 744 3509 ΓΔ]
767 3443 792 3492 Γ
808 3440 907 3507 postea
924 3437 1018 3493 insert.
1038 3439 1073 3496 V

90 3509 179 3557 Ιιλα
156 3502 253 3574 αιίτήν
272 3507 370 3577 τέμνει
359 3505 422 3562 V.
500 3515 542 3565 14.
563 3506 598 3580 δὴ
618 3529 668 3565 και
662 3510 720 3564 V
785 3509 849 3579 ΓΔλ
863 3512 887 3562 Γ
902 3510 1002 3578 postea
1019 3508 1119 3569 insert.
