2356 3818
102 166 168 233 228
484 171 687 225 monum
703 168 743 240 ι’·

173 308 357 396 Τετμήσθω
378 307 445 399 γάρ
468 307 489 398 ἡ
514 317 584 379 ΑΓ
601 314 678 399 δίχα
699 310 784 383 κατά
806 313 847 383 τὸ
871 320 920 399 Δ,
940 312 999 381 καί
1020 309 1119 402 ἤχθω

103 412 169 483 άπὸ
197 418 259 482 τοῦ
284 424 317 485 Δ
343 421 484 504 σημείου
512 421 552 506 τή
576 424 645 486 ΑΓ
663 408 748 508 πρὸς
770 417 879 508 ὀρθάς
900 417 922 506 ἡ
945 426 1033 504 ΑΒ,
1064 419 1121 489 καὶ

104 520 287 609 ἐπεζεύχθω
311 519 332 609 ἡ
355 531 435 593 ΑΒ·
476 520 497 609 ἡ
524 520 591 593 ὑπὸ
615 532 722 594 ΑΒΔ
752 530 861 612 γωνία
882 522 949 614 άρα
970 528 1033 613 τῆς
1053 523 1120 595 ὑπὸ

104 634 209 696 ΒΑΛ
231 627 307 715 ήτοι
329 634 449 716 μείζων
473 622 608 717 ἕστὶνή
632 640 688 720 ἴση
711 627 734 718 ἢ
758 631 913 703 ἐλάττων.

68 750 84 799 5
160 732 270 803 Ἔστω
301 734 467 824 πρότερον
495 742 631 823 μείζων,
662 737 719 805 καὶ
747 738 938 808 συνεστάτω
965 736 1054 828 πρὸς
1080 743 1122 828 τῇ

103 847 173 908 ΒΑ
200 838 320 933 εύθείᾳ
346 842 471 934 καὶτῷ
499 841 584 932 πρὸς
609 841 694 933 αὐτῇ
716 850 842 938 σημείῳ
865 849 910 938 τῷ
934 853 968 914 A
988 848 1031 934 τῇ
1054 843 1122 914 ὑπὸ

105 954 211 1015 ΑΒΔ
232 953 340 1039 γωνίᾳ
363 956 418 1036 ἴση
437 947 458 1036 ή
481 946 549 1017 ὑπὸ
573 956 685 1035 ΒΑΕ,
704 949 760 1018 καί
784 950 915 1038 διήχθω
938 947 959 1039 ἡ
980 958 1048 1018 ΔΒ
1069 952 1123 1020 ἐπὶ

103 1051 141 1122 τὸ
166 1062 211 1140 Ε,
238 1055 294 1123 καῖ
325 1055 510 1144 ἐπεζεύχθω
538 1054 559 1142 ή
589 1063 660 1124 ΕΓ.
706 1057 776 1124 ἐπεὶ
803 1049 867 1125 οὖν
894 1066 950 1144 ἴση
978 1057 1072 1125 ἐστίν
1101 1053 1121 1144 ἡ

103 1158 169 1228 ὑπὸ
198 1168 300 1229 ΑΒΕ
324 1167 432 1248 γωνία
454 1165 493 1249 τῇ
516 1159 582 1229 ὑπὸ
607 1170 725 1249 ΒΑΕ,
758 1171 814 1250 ἴση
838 1161 904 1251 ἄρα
927 1162 996 1230 ἐστὶ
1019 1160 1121 1250 καῖἡ

52 1282 86 1332 10
105 1273 168 1335 ΕΒ
192 1263 310 1333 εύθεία
333 1270 372 1354 τῇ
392 1273 467 1334 ΕΑ.
489 1266 545 1334 καί
568 1267 639 1336 ἐπεὶ
662 1275 717 1356 ἴση
740 1268 831 1337 ἐστίν
852 1265 874 1356 ἡ
893 1278 964 1337 ΑΔ
981 1272 1022 1358 τῇ
1044 1275 1122 1355 ΔΓ,

103 1370 201 1457 κοινὴ
222 1370 259 1439 δὲ
281 1369 303 1459 ἡ
327 1380 410 1458 ΔΕ,
435 1371 498 1441 δύο
522 1371 565 1459 δή
588 1376 626 1440 αλ
647 1381 734 1460 ΑΔ,
757 1381 828 1443 ΔΕ
855 1375 919 1442 δύο
950 1386 1024 1453 ταῖς
1046 1380 1121 1462 ΓΔ,

105 1485 175 1548 ΛΕ
206 1486 275 1546 ἴσαι
308 1479 395 1547 είσῖν
422 1480 559 1568 ἑκατέρα
587 1480 743 1570 ἑκατέρᾳ·
789 1480 845 1548 καλ
871 1485 979 1566 γωνία
1007 1477 1119 1568 ἡύπὸ

105 1592 214 1653 ΑΔΕ
234 1590 342 1677 γωνίᾳ
363 1589 403 1675 τῇ
426 1582 493 1654 ὑπὸ
513 1592 612 1654 ΓΔΕ
630 1588 720 1655 ἐστιν
744 1595 820 1673 ἴση·
843 1583 932 1676 ὀρθή
954 1583 1020 1675 γὰρ
1045 1589 1121 1657 εἰια-

105 1692 201 1778 τέρα·
226 1692 323 1778 βάσις
346 1691 413 1780 άρα
435 1689 456 1778 ἡ
480 1698 550 1759 ΑΕ
570 1690 666 1778 βάσει
688 1697 728 1780 τῇ
747 1699 815 1761 ΓΕ
831 1695 922 1761 ἐστιν
945 1701 1011 1780 ἴση.
1034 1689 1122 1761 άλλά

55 1794 127 1883 ιεή
152 1806 221 1866 ΑΕ
245 1801 285 1887 τή
308 1805 375 1866 ΒΕ
401 1801 536 1885 ἐδείχθη
565 1806 635 1884 ἴση·
675 1799 731 1866 καί
759 1795 780 1885 ἡ
809 1807 875 1867 ΒΕ
895 1797 962 1886 άρα
988 1803 1030 1888 τή
1057 1806 1125 1869 ΓΕ

107 1906 197 1974 ἐστιν
220 1913 294 1991 ἴση·
323 1908 361 1972 αί
379 1918 466 1993 τρεῖς
489 1903 556 1993 ἄρα
579 1906 617 1971 αἴ
636 1912 719 1990 ΑΕ,
743 1912 817 1990 ΕΒ,
841 1910 907 1972 ΕΓ
925 1912 995 1973 ἴσαι
1021 1904 1124 1993 ἀλλή-

107 2018 180 2090 λαις
207 2015 310 2079 είσίν·
354 2008 372 2078 ὁ
401 2009 467 2097 άρα
494 2012 620 2102 κέντρᾳο
647 2014 693 2102 τῷ
721 2018 753 2076 Ε
778 2011 974 2098 διαστήματι
1002 2012 1042 2080 δὲ
1069 2013 1123 2082 ἑνὶ

107 2120 174 2184 τῶν
194 2124 274 2202 ΑΕ,
305 2124 384 2203 ΕΒ,
417 2123 484 2185 ΕΓ
505 2115 627 2196 κύκλος
654 2111 867 2205 γραφόμενος
889 2114 958 2203 ἥξει
981 2118 1039 2185 καί
1062 2119 1122 2187 διὰ

107 2225 176 2289 τῶν
208 2227 336 2290 λοιπῶν
368 2227 515 2309 σημείων
538 2223 593 2290 καί
617 2227 708 2290 ἔσται
731 2225 1125 2312 προσαναγεγραμμένος.

57 2341 89 2392 20
108 2326 232 2395 κύκλου
273 2326 338 2416 άρα
378 2328 545 2415 τμήματος
587 2330 750 2408 δοθέντος
784 2331 1123 2418 προσαναγέγραπται

108 2430 126 2500 δ
153 2432 284 2513 κύκλος.
328 2434 383 2500 καί
412 2437 528 2520 δῆλον,
556 2431 601 2513 ὥς
627 2433 665 2502 τὸ
698 2441 801 2504 ΑΒΓ
831 2440 940 2523 τμῆμα
982 2438 1123 2507 ἔλαττόν

108 2540 198 2608 ἐστιν
228 2537 427 2626 ἡμικυκλίου
457 2538 513 2606 διὰ
539 2536 576 2607 τὸ
606 2537 644 2607 τὸ
669 2547 701 2606 Ε
727 2542 868 2630 κέντρον
898 2540 991 2622 ἐκτὸς
1013 2542 1123 2613 αύτού

106 2645 291 2732 τυγχάνειν.

53 2871 88 2920 25
109 2864 222 2943 ΒΑΛ,
243 2862 302 2944 τῆς
320 2866 352 2924 Α
358 2866 391 2923 Δ
409 2865 483 2944 ἴσης
500 2861 682 2946 γενομένης
701 2860 838 2951 ἑκατέρᾳ
863 2864 931 2928 τῶν
950 2867 1033 2948 ΒΔ,
1053 2871 1090 2929 Δ
1097 2869 1130 2931 Γ

107 2965 145 3028 αλ
178 2975 265 3050 τρεῖς
302 2967 340 3030 αἴ
364 2973 450 3050 ΛΑ,
475 2972 556 3051 ΑΒ,
582 2972 652 3034 ΔΓ
680 2974 749 3033 ἴσαι
781 2963 940 3052 άλλήλαις
974 2971 1124 3056 ἔσονται,

180 3164 203 3215 1.
223 3152 289 3229 γάρ]
310 3175 363 3214 om.
383 3178 411 3228 p.
497 3155 609 3230 διήχθω
628 3160 658 3215 F.
732 3167 756 3216 8.
776 3156 832 3230 ἄρα
850 3162 939 3229 γωνία
956 3180 984 3230 p.
1058 3164 1126 3291 1591]

107 3228 187 3300 ήμ
260 3230 657 3286 szABmmmw
730 3227 1083 3303 &kmhmpmm

107 3306 185 3355 ων.
267 3297 572 3357 mnam-10.
593 3303 638 3368 ἴση
658 3296 907 3372 ίατὶνὴ]οιιιΒ.
984 3306 1079 3373 ΒΑΕ]
1102 3311 1126 3360 Β

107 3368 208 3427 iuras.
228 3391 254 3493 B
328 3369 403 3428 ἐστίν
421 3372 452 3425 F.
526 3377 567 3425 10.
587 3371 651 3442 ΕΒ]
672 3375 724 3426 ΒΕ
742 3371 772 3426 Ρ.
844 3373 892 3444 τῇ]
912 3369 1016 3428 εύθεία
1034 3375 1067 3445 τῇ
1090 3377 1125 3433 P.

144 3441 209 3511 ΕΑ]
252 3483 259 3508 ,
277 3443 298 3494 F
317 3461 354 3496 m.
371 3450 395 3510 1,
413 3443 490 3497 Vm.
507 3449 535 3510 λς
554 3444 607 3496 ΑΕ
626 3443 698 3496 Fm.
713 3448 738 3511 2,
757 3443 833 3497 Vm.
848 3449 873 3511 2,
892 3462 919 3514 p.
991 3449 1033 3498 11.
1052 3443 1125 3521 δύο]

78 3480 173 3597 λεια)
190 3512 265 3565 ππ
284 3511 314 3566 ν.
372 3519 416 3569 14.
436 3509 532 3589 μεως]
550 3513 587 3583 Ρ,
605 3512 654 3570 ια
674 3510 753 3584 μοι
769 3513 862 3582 τινος
878 3513 911 3566 in
926 3513 949 3566 ν
967 3516 1020 3567 ιιι
1035 3532 1128 3586 supra
