2356 3818
91 156 155 222 146
473 158 675 211 mmmm<
694 155 732 230 μ’.

89 305 165 384 ΑΓ,
189 263 251 366 1³A
269 298 496 387 τετραγώνων.
519 313 589 379 τοῖς
612 298 650 367 δὲ
672 295 738 367 ὐπὸ
758 303 826 367 τῶν
845 306 922 385 ΑΕ,
946 306 1009 366 ΕΖ
1030 307 1109 367 ἴσον

90 404 160 474 ἐστὶ
188 403 225 473 τὸ
250 401 316 473 ὐπὸ
339 409 399 492 τῇς
421 414 481 473 ΑΖ
503 403 735 493 τετράγωνον·
772 402 861 492 ὀρθὴ
880 403 945 491 γάρ
969 407 1061 472 ἐστιν
1085 401 1107 491 ἡ

90 507 157 578 ὑπὸ
181 517 282 578 ΑΕΖ
309 515 432 597 γωνία·
474 509 512 578 τὸ
540 509 606 598 ἄρα
636 507 703 579 ὐπὸ
726 514 784 597 τῇς
807 517 871 577 ΑΖ
893 509 1109 598 τετράγωνον

91 616 270 685 διπλάσιόν
301 619 371 685 ἐστι
396 621 465 686 τών
494 614 559 685 ἀπὸ
586 622 655 686 τῶν
685 624 764 703 ΑΓ,
792 622 864 684 ΓΛ.
908 620 955 708 τῇ
980 615 1018 684 δὲ
1040 611 1108 707 ᾆπὸ

89 833 136 922 τῷ
160 838 194 897 Δ
222 835 345 916 γωνία·
386 829 426 898 τὰ
455 829 523 918 ίίρα
551 827 616 898 ἀπὸ
644 834 712 898 τών
736 838 821 915 ΑΔ,
856 836 922 896 ΔΖ
947 827 1109 896 διπλάσιά

28 1015 43 1039 Ι
92 938 160 1004 έστι
187 939 255 1004 τών
284 933 349 1004 ιἰπὸ
377 940 446 1004 τών
469 943 548 1022 ΑΓ,
578 942 642 1004 ΓΔ
670 935 898 1025 τετραγώνων.
945 942 999 1021 ίση
1025 931 1109 1021 θὲὴ

92 1048 158 1108 ΔΖ
181 1044 220 1128 τῇ
245 1047 330 1107 ΔΒ·
375 1039 415 1108 τὰ
446 1040 511 1128 ίιρα
534 1039 600 1110 ἀπὸ
625 1046 693 1110 τών
716 1049 801 1127 ΑΔ,
826 1048 893 1108 ΛΒ
916 1038 1109 1127 τετράγωνα

92 1144 252 1213 θιπλιίσιοί
276 1148 345 1214 ἐστι
367 1151 435 1214 τών
458 1143 524 1214 ὐπὸ
547 1152 615 1216 τών
639 1153 713 1234 ΑΓ,
737 1153 800 1215 ΓΔ
822 1144 1050 1235 τετραγώνων.

41 1268 75 1316 10
157 1249 236 1318 Ἐὰν
259 1249 325 1340 ίίρα
345 1249 464 1320 εὐθεῖα
486 1252 620 1342 γραμμὴ
644 1256 757 1342 τμηθῇ
780 1256 828 1332 εἰς
847 1261 903 1320 ίσα
921 1253 977 1319 καὶ
996 1250 1109 1337 ἄνισα,

92 1357 133 1426 τὰ
161 1355 226 1425 ὐπὸ
256 1361 323 1425 τών
355 1355 485 1426 ἀνίσων
512 1363 570 1445 τῇς
599 1357 678 1445 ὅλης
705 1358 884 1445 τμημάτων
915 1358 1108 1446 τετράγωνα

93 1462 252 1532 διπλάσιά
282 1466 349 1532 ἐστι
363 1468 437 1533 -τού
464 1491 499 1532 τε
527 1462 593 1534 ὐπὸ
623 1469 682 1552 τὴς
704 1462 856 1552 ἡμισείας
878 1465 934 1533 καὶ
956 1469 1019 1533 τοῦ
1040 1462 1107 1532 ὐπὸ

92 1575 152 1657 τῇς
174 1567 296 1657 μεταξὺ
319 1573 387 1638 τών
410 1574 522 1656 τομῶν
545 1569 774 1659 τετραγώνου·
799 1567 879 1656 ὅπερ
904 1573 972 1636 ἔθει
995 1571 1108 1650 δεῖξαι.

583 1793 619 1831 ι.

42 1905 75 1955 15
158 1886 246 1957 Ἐὰν
274 1885 413 1956 εὐθεῖα
440 1884 596 1975 γραμμὴ
620 1891 750 1977 τμηθῇ
775 1891 881 1973 δίχα,
908 1889 1107 1974 προστεθῇ

95 1996 139 2064 θέ
169 2022 227 2073 τις
257 1991 353 2083 αὐτῇ
388 1991 530 2063 εὐθεῖα
563 1993 616 2062 ἐπ’
652 1991 828 2080 εὐθείας,
860 1992 902 2061 τὸ
933 1991 1007 2061 ὐπὸ
1042 1998 1111 2080 τῇς

96 2101 190 2188 ὅλης
213 2100 285 2171 σύυ
308 2105 347 2189 τῇ
372 2101 635 2190 προσκειμένῃ
659 2101 726 2168 καὶ
749 2097 791 2168 τὸ
811 2098 885 2168 ιἰπὸ
904 2105 971 2187 τῇς
988 2119 1111 2187 προσ-

95 2203 279 2293 κειμένης
301 2205 345 2274 τίι
370 2207 652 2294 συναμφότερα
672 2207 899 2295 τετράγωνα
918 2205 1110 2275 διπλάσιά

97 2317 178 2383 ἐστι
216 2317 285 2381 τοῦ
322 2339 360 2380 τε
397 2310 471 2381 ἀπὸ
509 2317 575 2399 τῇς
612 2310 795 2399 ἡμισείας
830 2312 896 2379 καὶ
931 2316 1002 2380 τοῦ
1034 2309 1111 2380 ὐπὸ

43 2423 163 2505 εοτῇς
196 2419 455 2504 συγκειμένης
488 2424 527 2485 ε”κ
559 2445 597 2486 τε
629 2423 698 2505 τὴς
728 2416 911 2506 ἡμισείας
947 2417 1010 2484 καὶ
1042 2421 1112 2503 τῇς

96 2523 385 2614 προσκειμένης
415 2520 464 2602 ώς
496 2521 570 2591 ὐπὸ
603 2528 696 2611 μιᾶς
724 2521 1024 2611 ἀναγραφέντος
1051 2547 1112 2590 τε-

96 2630 314 2719 τραγώυου.

164 2735 294 2805 Εὐθεῖα
317 2735 382 2824 γάρ
405 2761 454 2816 τις
476 2733 497 2823 ἡ
522 2742 587 2805 ΑΒ
610 2736 784 2825 τετμήσθω
809 2740 885 2823 δίχα
908 2733 990 2801 κατὰ
1014 2731 1050 2801 τὸ
1071 2739 1112 2818 Γ,

97 2849 309 2931 προσκείσθω
343 2842 384 2909 δέ
412 2869 461 2921 τις
488 2840 571 2933 αὐτῇ
600 2840 718 2911 εὐθεῖα
746 2839 795 2910 ἐπ’
822 2839 956 2918 εὐθείας
980 2837 1000 2925 ἡ
1024 2843 1113 2905 ΒΔ·

44 2966 78 3016 25
97 2950 193 3039 ἡέγω,
222 2948 272 3016 ὅτι
291 2947 331 3015 τὰ
356 2945 422 3017 ιἰπὸ
445 2953 513 3018 τών
536 2958 621 3036 ΑΔ,
647 2956 714 3017 ΔΒ
737 2946 929 3036 τετράγωνα
953 2944 1113 3014 διπλάσιά

98 3058 166 3124 ἐστι
190 3058 258 3123 τών
281 3052 348 3122 ὐπὸ
372 3058 439 3123 τών
464 3062 538 3142 ΑΓ,
562 3062 624 3123 ΓΔ
646 3052 874 3144 τετραγώνων.

154 3158 274 3247 Ἤχθω
298 3160 362 3248 γὰρ
386 3159 451 3230 ἀπὸ
470 3164 531 3229 τοῦ
550 3168 583 3229 Γ
597 3167 737 3248 σημείου
759 3163 798 3249 τῇ
818 3166 884 3227 ΑΒ
898 3157 982 3245 πρὸς
1005 3155 1114 3245 ὀρθὰς

117 3367 120 3371 ’
170 3363 195 3411 2.
216 3351 291 3411 ἐστίν
310 3356 343 3410 V.
415 3352 605 3426 τετράγωνον]
626 3372 678 3411 om.
698 3373 725 3425 p.
800 3349 888 3425 ἐστιν]
909 3371 963 3410 om.
978 3353 1009 3422 B,
1028 3371 1112 3422 supra

97 3435 161 3486 m.1
178 3426 207 3482 F.
280 3433 305 3482 4.
326 3420 401 3480 ἔστιν
416 3425 449 3482 V.
521 3427 577 3479 τῶν
607 3423 821 3495 (ι1ι.)ιῆςΒΕ.
896 3429 921 3481 ὁ.
941 3426 987 3479 ίσα
1007 3418 1069 3477 έστί
1083 3442 1112 3493 p.

130 3498 201 3568 ΔΖ]
220 3513 288 3552 νοτε,
310 3513 344 3551 ex
361 3499 412 3550 ΑΖ
429 3497 459 3551 F.
534 3503 557 3551 ⁷.
594 3514 653 3552 στιν
672 3496 732 3551 FV.
804 3495 861 3550 τῶν
879 3490 951 3566 dud]
972 3512 1025 3549 om.
1045 3493 1092 3549 R·
