2356 3818
52 145 91 196 v1
446 130 655 198 Pennino.

53 287 101 352 ita
125 292 272 372 egerunt,
300 292 338 353 ut
365 291 474 352 textus
499 287 731 352 elementorum
755 287 834 352 setis
857 291 945 354 certo
970 288 1066 352 etad

55 414 149 457 usum
172 397 325 476 prompto
348 393 560 459 fundamento
583 393 645 456 niti
662 392 768 457 uideri
785 393 900 477 possit.
929 394 967 458 de
987 398 1069 459 cete-

53 499 98 563 ris
129 498 259 581 scriptis
288 497 434 563 Euclidis
464 500 568 564 multo
599 498 698 563 etiam
728 498 820 583 peius
851 504 959 566 actum
990 522 1069 585 esse,

55 604 135 669 satis
159 607 297 668 constat.
1102 596 1105 601 ’

123 709 210 786 Quae
239 731 312 774 eum
341 732 361 773 a
383 710 497 774 multis
520 709 668 794 intellegi
690 710 847 795 uiderem,
882 709 1070 777 Archimedi

53 814 224 880 Euclidem
256 816 429 901 adiungere
465 815 634 898 constitui,
667 820 701 880 et
730 820 767 880 ut
795 816 884 882 hunc
914 818 1069 900 laborem,

55 943 150 1005 quem
182 923 249 986 iam
281 921 336 985 diu
369 922 479 986 animo
512 921 699 1005 ucluebam,
729 923 861 987 tandem
895 924 1068 1008 aliquando

56 1027 266 1111 susciperem,
289 1047 326 1090 eo
351 1026 456 1110 magis
479 1026 685 1110 impellebar,
708 1027 790 1110 quod
815 1026 988 1092 editionem
1011 1029 1070 1094 Ar·

56 1132 211 1198 chimedis
236 1132 278 1196 ab
293 1131 488 1208 ,hominibus
513 1131 617 1196 doctis
640 1133 870 1197 beneuolenter
892 1133 1014 1218 adcipi,
1037 1139 1070 1199 et

56 1239 231 1324 erroribus,
254 1259 335 1322 quos
358 1238 393 1302 in
414 1235 568 1321 primitiis
586 1237 651 1302 illis
670 1238 775 1304 uitare
794 1260 861 1303 non
878 1239 1069 1323 potuissem,

54 1345 216 1430 indulgeri
243 1344 406 1428 uidebam,
439 1347 472 1408 et
499 1366 560 1409 usu
587 1344 737 1410 edoctum
765 1367 817 1410 me
844 1346 911 1410 iam
934 1346 1070 1410 meliora

55 1454 220 1536 praestare
243 1470 341 1534 posse
365 1451 546 1534 sperabam.

122 1553 185 1621 Sed
209 1556 321 1621 statim
345 1556 510 1641 apparuit,
533 1576 637 1641 neque
660 1577 712 1621 res
735 1556 942 1640 rationesque
965 1578 1069 1640 neque

54 1665 141 1728 uires
163 1685 251 1728 meas
274 1662 337 1729 toti
360 1664 464 1748 operi,
492 1661 579 1747 quod
601 1663 682 1728 mibi
704 1684 952 1747 proposueram,
981 1662 1070 1726 suffi-

55 1790 134 1836 cere.
162 1773 215 1834 tot
238 1769 364 1835 codices
385 1768 569 1835 conferendi
588 1771 690 1853 erent,
712 1771 763 1833 tot
781 1769 998 1835 bibliothecae
1016 1769 1070 1833 iti-

53 1876 186 1941 neribus
209 1875 396 1961 longinquis
423 1874 597 1939 adeundae.
626 1875 737 1958 iteque
751 1873 930 1939 Henricum
943 1875 1070 1960 Menge,

54 2006 84 2049 u.
110 1984 153 2067 d.,
186 2002 281 2066 quem
307 1983 450 2047 sciebam
474 1983 507 2045 et
529 1980 636 2064 ipsum
659 1981 695 2044 in
717 1979 852 2046 Euclide
876 1985 1070 2066 occupatum

56 2110 141 2173 esse,
172 2089 387 2174 interrogaui,
421 2089 564 2154 uelletne
597 2091 725 2174 partem
759 2088 865 2171 operis
900 2089 1070 2172 suscipere.

57 2195 180 2279 adnuit,
203 2197 236 2258 et
258 2195 305 2258 ita
327 2196 415 2258 inber
437 2216 497 2260 nos
521 2199 746 2278 comparatum
765 2199 824 2277 est,
846 2197 884 2257 ut
902 2195 957 2258 ille
975 2195 1071 2269 Data,

55 2301 296 2385 Phaenomena,
330 2299 451 2383 scripta
474 2301 612 2382 musice,
648 2319 710 2381 ego
732 2296 917 2380 Elementa,
946 2296 1114 2382 Opticc,⁰

57 2395 245 2490 Catoptrica
269 2406 405 2489 ederem,
429 2408 462 2469 et
485 2408 523 2468 ut
541 2403 667 2469 codices
687 2403 860 2468 coniuncta
880 2424 978 2486 opera
997 2425 1070 2468 eon-

55 2513 221 2578 ferremus.
253 2513 309 2578 sed
333 2512 379 2577 sic
403 2531 529 2594 quoque
552 2508 778 2574 inclementis
802 2529 819 2571 e
838 2529 959 2594 magna
978 2511 1071 2594 copia

57 2619 273 2690 subsidiorum
296 2639 402 2705 pauca
426 2616 546 2701 eligere
570 2619 702 2680 coactus
720 2637 800 2680 sum.
828 2637 905 2680 nam
925 2637 998 2681 cum
1016 2617 1071 2681 uix

56 2726 125 2791 ulla
154 2727 197 2791 sit
226 2727 360 2792 minima
387 2722 604 2802 bibliotheca,
636 2723 672 2786 in
699 2744 763 2806 qua
789 2745 855 2787 non
883 2723 1072 2789 adseruetur

58 2833 156 2898 codex
180 2833 296 2918 aliquis
320 2832 565 2912 elementorum,
588 2828 664 2892 inde
688 2829 729 2893 ab
747 2828 842 2895 initio
862 2829 901 2893 de
920 2830 1070 2895 omnibus

57 2940 222 3006 codicibus
246 2935 449 3004 conferendis
478 2938 536 3000 aut
558 2939 644 3000 certe
667 2935 876 3019 inspiciendis
900 2936 1071 3019 desperan-

58 3046 134 3111 dum
158 3049 237 3111 erat.
268 3046 385 3111 uellem
409 3042 558 3128 equidem
577 3041 723 3107 licuisset
741 3041 888 3125 pluribus
907 3039 1070 3106 codicibus

57 3152 119 3236 uti,
148 3152 204 3217 sed
231 3155 270 3217 ut
293 3153 400 3236 aliquo
424 3155 536 3215 tamen
559 3148 655 3214 modo
679 3147 806 3231 paucis,
834 3167 914 3230 quos
939 3145 1071 3227 contuli,

59 3258 202 3324 contenti
226 3279 296 3322 esse
319 3257 494 3342 possimus,
521 3256 601 3320 facit
624 3257 657 3318 et
680 3252 854 3337 singularis
878 3251 976 3335 ratio,
1007 3272 1072 3334 quo

58 3364 155 3430 nobis
182 3363 306 3428 tradita
333 3365 409 3427 sunt
436 3363 597 3426 elementa
619 3357 780 3442 Euclidis,
812 3360 845 3421 et
871 3359 1016 3420 uetustas
1040 3360 1072 3420 et

53 3471 187 3534 bonitas
209 3470 356 3535 codicum
382 3491 401 3533 a
419 3489 471 3532 me
494 3469 732 3551 usurpatorum.
762 3484 839 3528 nam
859 3462 937 3527 satis
956 3465 1071 3527 notum
