2356 3818
104 155 146 220 74
479 160 681 213 mmmm
699 155 739 214 α’.

102 297 195 377 ἐντὸς
216 300 272 366 καῖ
295 298 348 367 ἐπὶ
370 298 410 366 τὰ
435 296 519 367 αὐτὰ
543 301 626 390 μέρη
652 302 751 369 δυσὶν
775 300 896 390 ὀρθαῖς
919 311 1005 382 ἴσας·
1033 302 1114 393 ὅπερ

102 409 170 472 ἔδει
194 406 306 486 δεῖξαι.

587 495 630 564 λ’.

169 621 221 685 Ac
237 622 281 707 τή
302 616 399 708 αὐτῇ
419 616 560 709 εὐθείᾳ
577 619 824 713 παράλληλοι
843 623 907 689 καῖ
927 619 1115 709 ἀλλήλαις

69 724 182 793 σεῖσῖ
204 724 461 814 παράλληλοι.

159 829 268 899 Ἔστω
292 831 428 920 ἑκατέρα
454 835 524 900 τῶν
546 839 623 917 ΑΒ,
652 838 714 900 ΓΔ
736 837 775 923 τή
800 841 863 902 ΕΖ
885 833 1112 926 παράλληλος·

101 939 197 1025 λέγω,
221 937 273 1006 ὅτι
295 939 351 1006 καῖ
373 936 472 1024 ήΑΒ
496 942 535 1027 τῇ
559 943 621 1006 ΓΔ
643 936 714 1007 ε’στι
736 939 955 1028 παράλληλος.

166 1044 367 1132 Ἐμπιπτέτω
390 1042 455 1132 γάρ
479 1049 526 1124 είς
548 1043 651 1125 αὐτάς
673 1043 791 1113 εὐθεῖα
814 1042 835 1132 ή
859 1054 941 1114 ΗΚ.

169 1151 238 1218 Καὶ
267 1147 339 1218 ἐπεὶ
370 1154 416 1229 είς
445 1149 677 1239 παραλλήλους
707 1147 842 1231 εὐθείας
868 1151 927 1230 τὰς
951 1160 1027 1237 ΑΒ,
1052 1159 1115 1220 ΕΖ

50 1274 84 1324 10
103 1256 220 1329 εὐθεῖα
242 1254 452 1342 ἐμπέπτωκεν
475 1253 497 1342 ἡ
520 1262 608 1341 HK,
637 1265 692 1342 ἴση
721 1255 786 1345 ἀρα
809 1254 831 1344 ή
853 1254 919 1325 ὑπὸ
943 1265 1054 1325 ΑΗΚ
1075 1262 1115 1346 τῇ

102 1363 169 1433 ὑπὸ
192 1369 303 1431 ΗΘΖ.
339 1361 452 1448 πάλιν,
480 1359 550 1430 ἐπεὶ
573 1366 620 1442 εἴς
642 1366 876 1450 παραλλήλους
899 1359 1035 1443 εὐθείας
1056 1362 1116 1444 τὰς

103 1478 176 1556 ΕΖ,
200 1476 262 1537 ΓΔ
283 1467 400 1536 εὐθεῖα
422 1466 634 1554 ἐμπέπτωκεν
656 1466 678 1555 ή
697 1478 736 1537 Η
738 1476 781 1554 Κ,
809 1478 864 1557 ἴση
887 1467 981 1539 ἐστίν
1003 1468 1025 1557 ἡ
1049 1468 1114 1538 ὑπὸ

103 1584 204 1645 ΗΘΖ
233 1586 274 1664 τή
304 1573 371 1643 ὑπὸ
393 1582 514 1645 ΗΚΔ.
550 1573 688 1663 ἐδείχθη
720 1575 758 1644 δὲ
787 1577 842 1644 καί
870 1574 980 1664 ήύπδ
1005 1583 1118 1644 ΑΗΚ

103 1688 143 1772 τῇ
175 1679 241 1750 ὐπὸ
264 1688 366 1750 ΗΘΖ
399 1689 463 1768 ἴση.
508 1682 564 1749 καί
595 1677 617 1766 ἡ
650 1677 715 1749 ὐπὸ
739 1689 850 1750 ΑΗΚ
880 1681 946 1768 ἀρα
977 1688 1017 1772 τή
1049 1680 1116 1751 ὐπὸ

51 1805 84 1854 15
103 1796 178 1859 ΗΚ
182 1798 215 1857 Δ
238 1787 330 1857 ἐστιν
354 1796 427 1874 ἴση·
449 1790 510 1853 καί
529 1790 615 1853 είσιν
634 1782 784 1867 ἐναλλάξ.
820 1788 1033 1875 παράλληλος
1050 1787 1117 1876 ἀρα

103 1896 194 1967 ἐστίν
216 1892 237 1982 ή
263 1901 327 1963 ΑΒ
349 1896 389 1981 τῇ
413 1899 484 1960 ΓΔ.

171 2005 233 2088 [Αἴ
253 2001 319 2089 ἀρα
341 2004 380 2088 τή
405 1996 489 2087 αὐτῇ
514 1995 632 2088 εὐθείᾳ
654 1997 861 2084 παράλληλοι
883 2000 940 2067 καὶ
958 1999 1118 2088 ἀλλήλαις

104 2110 168 2179 είσὶ
191 2106 427 2195 παράλληλον]
452 2103 532 2193 ὅπερ
556 2110 623 2174 ἔδει
647 2107 760 2187 δεῖξαι.

576 2265 644 2332 λα’.

52 2407 87 2456 20
172 2389 250 2458 Αιά
278 2393 347 2457 τοῦ
376 2390 569 2466 δοθέντος
599 2395 766 2474 σημείου
793 2392 836 2476 τή
865 2394 1035 2479 δοθείση
1060 2388 1117 2458 εὐ-

106 2504 198 2588 θείᾳ
221 2494 474 2584 παράλληλον
499 2491 665 2562 εὐθεῖαν
687 2493 872 2584 γραμμήν
895 2495 1072 2583 ἀγαγεῖν.

162 2604 271 2672 Ἔστω
299 2599 336 2670 τὸ
366 2599 427 2686 μὲν
451 2599 557 2669 δοθέν
581 2614 720 2686 σημεῖον
742 2599 780 2668 τὸ
804 2610 846 2686 Α,
869 2599 889 2688 ή
914 2602 952 2670 δὲ
974 2606 1117 2670 δοθεῖσα

106 2709 224 2780 εὐθεῖα
246 2705 267 2795 ή
292 2713 369 2775 ΒΓ·
395 2709 448 2773 δεῖ
469 2704 511 2792 δή
535 2704 591 2774 διὰ
613 2710 674 2774 τοῦ
698 2715 730 2773 Α
753 2712 893 2794 σημείου
915 2713 954 2796 πή
979 2714 1045 2777 ΒΓ
1063 2705 1118 2775 εὐ-

105 2823 184 2906 θείᾳ
206 2813 422 2903 παράλληλον
446 2810 585 2880 εὐθεῖαν
607 2810 764 2901 γραμμήν
786 2809 934 2899 ἀγαγεῖν.

176 2992 261 3048 XXX.
280 2990 395 3045 Boetius
414 3009 441 3060 p.
457 2995 517 3059 383,
529 2996 553 3045 5.
625 2988 724 3044 XXXI.
743 2989 856 3044 Boetius
875 3008 902 3059 p.
914 2994 974 3056 383,
985 2996 1009 3044 7.

179 3145 308 3212 1.·ἒντδς
326 3150 392 3221 καί]
412 3166 466 3203 om.
486 3150 515 3203 P.
589 3155 612 3202 6.
637 3149 700 3220 ΑΒ]
719 3151 772 3202 ΑΕ
791 3168 821 3215 φ.
895 3155 920 3202 7.
939 3144 1014 3203 ἐστίν
1033 3149 1062 3203 Ρ.

108 3230 132 3280 9.
151 3224 243 3278 καί-
256 3228 296 3277 10.
312 3221 387 3292 ΗΚ]
407 3238 463 3290 mg.
478 3226 539 3276 m.1
555 3219 586 3275 P.
643 3225 684 3275 11.
705 3217 757 3291 εἴς]
778 3219 818 3281 είς
836 3216 887 3282 τοὶς
895 3219 929 3275 V.
984 3215 1117 3308 εὐθείας]

106 3289 160 3348 δύο
179 3288 297 3355 εὐθείας
315 3292 346 3348 Ρ.
402 3297 444 3346 12.
465 3288 661 3361 ἐμπέπτωκεν]
679 3289 710 3343 in
723 3307 777 3345 ras.
792 3290 855 3358 PF3
874 3289 940 3345 dein
956 3289 1020 3346 add.
1036 3311 1117 3360 κοινη

106 3365 137 3420 F.
208 3359 240 3435 ἡ]
260 3364 330 3434 (alt.)
349 3378 418 3418 oorr.
438 3379 471 3417 ex
489 3362 521 3434 τῇ
540 3361 570 3416 Ρ.
649 3367 689 3416 13.
711 3361 813 3432 ΗΚΔ]
833 3378 901 3416 corr.
922 3378 956 3416 ex
976 3362 1061 3416 ΘΚΔ
1080 3380 1117 3416 m.

106 3452 160 3491 rec.
180 3435 210 3491 P.
285 3440 325 3489 14.
345 3429 415 3504 ἀρα]
435 3449 518 3502 supra
536 3449 625 3503 comp.
644 3450 681 3488 m.
698 3439 712 3487 1
732 3432 759 3486 b.
833 3438 874 3487 15.
895 3434 982 3486 ΘΚΔ
998 3433 1028 3499 Ρ,
1047 3450 1118 3487 corr.

88 3519 127 3556 m,
147 3521 206 3556 tec.
292 3511 334 3558 16.
356 3501 450 3576 ἐστίν]
468 3520 522 3559 om.
542 3503 572 3560 F.
655 3504 718 3573 AB]
735 3502 808 3558 inber
827 3508 848 3556 Α
866 3505 896 3558 eb
914 3506 935 3555 Β
955 3519 1008 3557 ras.
1029 3510 1043 3556 1
1063 3504 1119 3559 litt.
