2356 3818
48 148 55 156 '
86 162 155 229 κω
469 163 673 218 2:10an
689 159 729 232 γ’.

90 305 160 374 ἐστὶ
180 303 221 373 τδ
244 301 312 373 ἀπὸ
334 308 394 391 τῆς
415 310 493 373 ΖΓ·
512 302 552 373 τδ
575 303 645 392 ἄρα
664 301 733 374 διὸ
754 308 826 374 τῶν
843 313 922 392 ΑΕ,
944 312 1015 377 ΕΓ
1026 307 1115 394 μετὰ

89 416 152 480 τοῦ
183 410 250 480 ἀπὸ
272 416 334 500 τῆς
356 419 423 480 ΖΕ
441 419 519 480 tow
542 412 611 480 ἐστὶ
633 414 681 504 τῷ
702 409 771 480 aaa
792 415 853 500 τῆς
873 418 945 481 ΖΓ.
989 421 1050 500 ἴση
1073 413 1115 484 δὲ

86 514 256 606 ἡΖΓτῇ
281 525 361 586 ΖΒ·
396 517 435 586 τὸ
467 517 534 604 ἄρα
560 515 627 586 διὸ
654 521 828 604 τῶνΑΕ,
855 517 1114 606 ΕΓμετδιτοῦ

87 620 155 692 ἆτδ
184 628 245 710 τῆς
274 631 337 692 ΕΖ
369 633 446 692 ἴσον
478 625 549 692 ἐστὶ
578 628 626 716 τῷ
657 622 725 693 ἀπὸ
757 628 818 710 τῆς
848 631 919 694 ΖΒ.
978 624 1037 694 διδ
1069 625 1113 694 τὰ

52 728 241 818 οαύτδδὴ
267 727 383 798 καλτδ
407 728 566 799 ύτὸτῶν
591 729 1114 818 ΔΕ,ΕΒμετὰτούᾶτδτῆς

90 840 156 906 ΖΕ
185 846 263 907 ίαον
294 836 364 906 ἐστὶ
390 841 437 930 τῳ
464 833 531 905 ἆκδ
560 840 621 922 τῆς
644 843 716 905 ΖΒ.
762 840 899 926 ἐδείχθη
929 837 967 906 δὲ
989 839 1049 906 καὶ
1072 837 1111 908 τὸ

88 941 156 1013 ύτὸ
187 950 257 1014 τῶν
284 952 368 1031 ΑΕ,
401 950 469 1012 ΕΓ
490 941 572 1031 μετὰ
598 947 660 1012 τοῦ
686 942 753 1012 ἆτδ
781 948 840 1032 τῆς
866 951 932 1012 ΖΕ
957 951 1035 1013 ἴσον
1064 949 1112 1038 τῷ

91 1047 157 1118 ἀπὸ
175 1054 235 1136 τῆς
252 1057 333 1118 ΖΒ·
354 1049 393 1118 τὸ
416 1048 484 1137 ἄρα
505 1046 573 1118 ύτὸ
596 1053 665 1118 τῶν
679 1056 758 1135 ΑΕ,
780 1055 847 1118 ΕΓ
856 1047 938 1137 μετὰ
959 1054 1023 1119 τοῦ
1041 1047 1112 1119 αἰκδ

89 1161 148 1243 τῆς
170 1163 236 1224 ΖΕ
265 1165 343 1224 ἴσον
374 1156 444 1225 ἐστὶ
474 1160 521 1247 τῷ
547 1153 614 1224 ὑπὸ
642 1160 714 1224 τῶν
736 1163 821 1241 ΔΕ,
849 1161 912 1223 ΕΒ
941 1153 1023 1242 μετὰ
1047 1160 1113 1225 τοῦ

38 1274 72 1323 10
91 1260 156 1330 ἀπὸ
188 1266 247 1348 τῆς
269 1268 340 1329 ΖΕ.
392 1258 513 1330 κοινὸν
545 1258 737 1350 ἄφηρηοθω
769 1260 808 1329 τὸ
840 1259 907 1329 ἀπὸ
938 1264 999 1348 τῆς
1030 1269 1111 1330 ΖΕ·

91 1365 213 1435 λοιπὸν
239 1365 306 1455 ἄρα
331 1364 371 1434 τὸ
397 1364 465 1436 ὑπὸ
494 1371 563 1435 τῶν
585 1373 667 1453 ΑΕ,
699 1374 770 1437 ΕΓ
791 1365 1030 1457 περιεχόμενον
1053 1367 1112 1456 ὀρ

91 1472 266 1560 θογούνιον
295 1481 372 1543 ίαον
400 1475 469 1543 ἐστὶ
495 1477 542 1565 τῷ
564 1471 631 1542 ὑπὸ
657 1478 727 1542 τῶν
751 1481 835 1560 ΔΕ,
866 1481 931 1542 ΕΒ
960 1499 1111 1563 τερεεχο·

30 1640 34 1647 .
94 1581 183 1671 μένῳ
207 1578 418 1672 ὀρθογωνίῳ.

155 1684 236 1755 Ἐὰν
258 1684 325 1773 ἄρα
338 1689 386 1755 ,ἐν
409 1684 520 1778 κύκλῳ
539 1682 670 1755 εὐθεῖαι
689 1685 753 1754 δύο
771 1687 939 1774 τέμνωσιν
951 1683 1112 1775 ἀλλήλας,

41 1805 73 1854 15
91 1789 129 1860 τὸ
157 1789 224 1861 ὑπὸ
251 1797 322 1862 τῶν
345 1797 406 1880 τῆς
436 1797 514 1879 μιᾶς
539 1792 720 1879 τμημάτων
745 1792 984 1883 περιεχόμενον
1008 1791 1112 1882 ὀρθο-

91 1897 220 1985 γώνιον
252 1908 328 1969 ίσον
356 1899 424 1968 ἐστὶ
452 1903 498 1991 τῷ
527 1895 594 1966 ὑπὸ
620 1903 691 1968 τῶν
711 1903 771 1986 τῆς
793 1899 907 1988 ἐτέρας
928 1901 1113 1988 τμημάτων

92 2007 315 2098 περιεχομένῳ
340 2004 554 2097 ὀρθογωνίῳ·
578 2003 660 2091 ὅπερ
684 2008 752 2073 ἔδει
776 2007 890 2088 δεῖξαι.

573 2197 640 2271 λς’.

158 2320 247 2392 Ἐὰν
278 2323 428 2393 κύκλου
460 2328 594 2413 ληφθῇ
625 2349 662 2392 τι
693 2338 862 2412 σημεῖον
893 2323 1022 2412 ἐκτός,
1046 2328 1114 2395 καὶ

41 2445 76 2495 20
95 2427 157 2498 ἀπ’
192 2428 316 2499 αύτοῦ
343 2429 440 2517 πρὸς
466 2428 536 2498 τὸν
563 2429 713 2499 κύκλον
738 2433 1015 2518 προσπίπτωσι
1040 2430 1114 2501 δύο

95 2534 268 2624 εὐθεῖαι,
301 2537 366 2605 καὶ
395 2534 416 2624 ἡ
449 2535 519 2624 μὲν
547 2533 678 2605 αὐτῶν
704 2537 825 2626 τέμνη
855 2534 925 2605 τὸν
946 2536 1114 2625 κύκλον,

18 2689 22 2698 -
95 2639 116 2729 ἡ
142 2642 186 2711 δὲ
209 2642 445 2729 ἐφάπτηται,
469 2647 577 2710 ἔσται
600 2641 644 2711 τὸ
667 2640 742 2711 ὑπὸ
766 2640 1115 2730 ὅληςτῇςτεμνού-

96 2767 165 2835 σης
200 2750 267 2817 καὶ
302 2752 370 2836 τῆς
409 2747 520 2829 ἐκτὸς
554 2746 935 2837 ἀπολαμβανομένης
968 2750 1114 2835 μεταξύ

95 2858 166 2922 τοῦ
204 2881 244 2924 τε
277 2861 443 2942 σημείου
474 2854 538 2921 καὶ
574 2858 642 2941 τῆς
676 2859 822 2943 κυρτῆς
857 2863 1116 2944 περιφερείας

44 2975 78 3026 2⁶
98 2968 187 3028 ἴσον
210 2966 260 3055 τῳ
284 2958 359 3030 ἀπὸ
378 2965 446 3047 τῆς
470 2961 744 3047 ἐφαπτομένης
766 2958 1006 3054 τετραγώνῳ.

165 3067 304 3137 Κύκλου
330 3065 396 3156 γὰρ
419 3078 480 3135 τοῦ
503 3072 607 3134 ΑΒΓ
625 3065 778 3154 εἰλήφθω
802 3093 833 3135 τι
857 3080 996 3154 σημεῖον
1020 3070 1115 3150 ἐκτὸς

97 3173 135 3243 τὸ
160 3183 209 3260 Δ,
237 3173 292 3242 καὶ
321 3170 386 3242 ἀπὸ
410 3178 472 3241 τοῦ
497 3180 530 3239 Δ
552 3172 636 3261 πρὸς
658 3171 719 3241 τὸν
742 3178 845 3242 ΑΒΓ
863 3171 987 3242 κύκλον
1010 3194 1113 3264 προσ-

98 3303 312 3314 σ--ι--ι-

169 3376 195 3425 6.
216 3364 333 3437 ἐδείχθη
352 3365 398 3440 δέ]
418 3362 488 3424 ὥστε
507 3368 542 3434 P;
571 3385 627 3437 mg.
646 3386 683 3424 m.
701 3384 770 3423 τοοκ
799 3387 840 3438 γρ.
861 3364 979 3438 ἐδείχθη
999 3366 1040 3424 δέ.

93 3433 216 3509 ίδοίηθη
228 3446 296 3496 -8,
316 3439 379 3513 ΖΒ]
386 3457 448 3526 nom.
458 3458 489 3527 ῳ.
564 3444 606 3494 11.
624 3435 827 3527 περιερόμενον
842 3433 1035 3523 ρ’ρθομύνιον]
1055 3460 1112 3512 mg.

78 3515 155 3565 m?
178 3509 206 3566 V.
296 3517 340 3570 12.
361 3512 412 3586 τῳ]
434 3532 466 3569 το
488 3533 520 3584 φ.
602 3515 646 3567 xb.
664 3530 722 3565 οπο
740 3527 791 3578 της
808 3529 874 3578 μιας
889 3530 946 3563 των
963 3509 994 3563 Ρ.
1070 3518 1112 3567 16,
