2356 3818
392 170 668 222 ELEMENTORUM
686 171 796 222 LIBER
813 171 835 222 1.
1076 169 1118 233 41

172 311 263 397 Ergo
290 313 319 379 si
349 312 431 378 duae
454 315 562 378 rectae
591 313 632 377 ad
655 317 778 379 rectam
801 313 943 398 aliquam
966 317 999 379 el
1021 337 1120 399 pune-

102 421 176 483 tum
203 419 272 485 eius
298 441 368 486 non
394 419 429 484 in
457 419 568 488 eadem
595 423 689 504 parte
720 421 846 504 positae
869 421 1007 504 angulos
1032 420 1120 486 dein·

104 545 181 610 espa
206 525 334 610 positos
358 526 483 592 duobus
505 526 603 591 rectis
627 528 778 611 aequales
802 526 977 609 effecerinl,
1011 527 1045 592 in
1069 548 1119 591 ea-

81 627 83 630 ’
104 630 178 696 dem
202 635 297 698 erunl
319 632 407 697 linea
429 637 531 717 reeta3
564 633 650 717 quod
675 637 744 699 erat
767 633 1065 700 demonstrandum.

575 843 647 910 XV.

171 966 207 1034 si
225 969 307 1035 duae
325 973 432 1034 reatae
455 969 541 1033 inter
560 990 594 1033 se
614 973 735 1052 secant,
759 970 894 1053 angulos
909 970 950 1035 ad
964 971 1118 1036 uerticem

101 1075 228 1160 positos
251 1076 336 1140 inter
360 1097 394 1140 se
417 1076 568 1161 aequales
590 1075 743 1140 efficiunt.

169 1180 255 1247 Nam
271 1182 353 1248 duae
367 1186 475 1248 rectae
490 1188 521 1247 A
527 1186 565 1266 Β,
579 1185 647 1247 ΓΔ
665 1182 799 1248 interae
815 1187 926 1248 secent
944 1183 979 1247 in
996 1186 1117 1269 puncto

101 1291 141 1353 E.
183 1289 263 1370 dieo,
287 1311 359 1355 esse
375 1295 397 1365 L
412 1291 569 1353 ΑΕΓ--
585 1294 687 1354 ΔΕΒ
711 1295 743 1355 et
761 1296 783 1366 L
798 1291 1071 1356 PEB=AEA.

168 1415 245 1458 nam
269 1395 423 1480 quoniam
446 1399 535 1460 reela
560 1401 629 1460 ΑΕ
651 1418 748 1480 super
771 1399 895 1460 rectam
919 1399 986 1460 ΓΔ
1011 1401 1117 1468 sraela

502 1505 551 1565 est
567 1503 703 1587 angulos
724 1503 865 1567 efficiens
880 1505 988 1587 ΓΕΑ,
1003 1509 1116 1588 ΑΕΔ,

501 1610 612 1694 anguli
630 1611 743 1691 ΓΕΑ,
757 1613 863 1673 ΑΕΔ
876 1608 1000 1674 duobus
1019 1611 1116 1674 rectis

501 1715 650 1800 aequales
670 1719 746 1779 sunt
762 1717 866 1799 [prop.
877 1714 981 1796 XIII].
1004 1738 1115 1781 rursus

116 1826 151 1882 A
445 1831 478 1885 Γ
501 1821 654 1905 quoniam
677 1825 766 1886 reeta
783 1826 852 1886 ΔΕ
874 1843 971 1907 super
993 1824 1116 1885 rectam

501 1933 566 1993 AB
595 1931 701 1993 erecta
729 1930 779 1991 est
807 1928 945 2010 angulos
973 1926 1115 1991 efficiens

384 2029 414 2084 B
501 2040 619 2119 ΑΕΔ,
669 2038 786 2112 ΑΕΒ,
837 2033 950 2117 anguli
995 2035 1115 2117 ΑΕΔ,

100 2142 203 2204 ΔΕΒ
233 2138 357 2204 duobus
385 2141 482 2206 realis
511 2140 661 2225 aequales
686 2143 763 2203 sunl
787 2137 856 2218 [ia]
903 2137 959 2202 sed
982 2138 1114 2204 demon-

100 2247 238 2309 stratum
261 2249 317 2330 est,
341 2247 438 2311 eliam
461 2246 598 2332 angulos
613 2249 726 2330 ΓΕΑ,
740 2249 845 2308 ΑΕΔ
868 2243 993 2310 duobus
1017 2246 1113 2311 realis

99 2352 250 2436 aequales
269 2374 349 2419 esse.
386 2375 484 2439 quare
499 2352 598 2418 ΓΕΑ
609 2356 650 2435 -Ι-
661 2356 768 2417 ΑΕΔ
783 2383 825 2405 =
840 2353 997 2437 ΑΕΔ-ᾕ-
1009 2355 1112 2416 ΔΕΒ

99 2459 215 2539 [κ.ἔνν.
224 2459 266 2542 1].
290 2460 508 2546 subtrahatur,
519 2461 573 2545 qui
583 2460 765 2525 eommunis
776 2462 984 2544 esl,LAEA.
1003 2459 1113 2543 ilaque

98 2567 197 2630 ΓΕΑ
216 2596 258 2618 =
274 2570 376 2630 ΒΕΔ
401 2568 441 2647 [κ.
461 2568 528 2632 ἔνν.
548 2567 592 2647 3].
636 2566 785 2631 similiter
811 2565 1113 2650 demonslrabimus,

98 2691 168 2737 esse
193 2673 292 2738 eliam
454 2675 585 2748 [ΓΕΒ
600 2678 769 2737 εΔΕΑ.

163 2777 255 2866 Ergo
283 2778 311 2843 si
339 2779 420 2844 duae
447 2781 555 2844 rectae
582 2779 725 2844 interae
749 2782 873 2858 secant,
908 2778 1047 2863 angulos
1071 2777 1111 2843 ad

95 2884 252 2949 uerticem
275 2885 400 2969 positos
424 2885 509 2950 inter
533 2908 567 2950 se
586 2887 736 2970 aequales
756 2886 915 2970 efficiunl3
939 2885 1025 2969 quod
1042 2888 1112 2949 erals

96 2990 393 3056 demonstrandum.

167 3183 225 3240 XV.
244 3184 359 3240 Boellus
378 3203 404 3255 p.
420 3189 538 3254 381,15.

96 3345 191 3471 ΓΙΕΑΛ]
210 3345 266 3402 litt.
287 3348 338 3401 EA
358 3346 388 3400 in
406 3363 462 3402 ras.
480 3347 515 3403 V.
594 3346 689 3416 ΒΕΔ]
710 3347 794 3430 ΔΕΒ
811 3344 834 3397 Β
855 3346 884 3398 et
900 3344 931 3399 in
948 3361 1002 3400 ras.
1021 3343 1055 3398 V.

94 3416 144 3489 δη]
188 3414 248 3486 a'b,
268 3419 297 3472 el
315 3417 341 3472 V
359 3424 427 3472 m.1
452 3417 501 3473 sed
519 3434 588 3473 corr.
661 3421 704 3473 24.
723 3434 841 3471 ποιωσιν
858 3414 888 3471 Β.
