2356 3818
382 159 657 211 ELEMENTORUM
674 156 785 209 LIBER
802 159 824 211 1.
1067 155 1109 220 37

421 397 423 400 >
557 353 647 420 XIII.

166 479 201 546 Si
227 485 316 546 reeta
339 501 436 564 super
458 482 581 544 rectam
603 479 722 544 lineam
742 482 851 544 erecta
875 479 1013 562 angulos
1038 477 1111 543 effe-

99 587 186 671 cerit,
210 590 267 651 aut
290 585 370 651 duos
394 588 500 650 reales
525 588 583 649 aut
610 585 735 650 duobus
758 586 855 650 rectis
880 584 1030 668 aequales
1055 606 1110 649 an-

96 694 189 780 gulos
214 693 342 759 efficiet.

160 821 239 864 nam
260 802 350 864 recta
374 799 484 882 aliqua
502 801 569 861 AB
589 801 828 880 supersectam
846 799 910 862 ΓΔ
927 801 1036 862 erecta
1056 819 1111 862 an·

97 907 194 991 gulos
218 905 339 970 efficias
353 907 460 987 FBA,
483 907 597 968 ΑΒΔ.
621 903 702 988 dieo,
726 903 863 988 angulos
877 906 985 986 ΓΒΑ,
1009 907 1113 968 ΑΒΔ

98 1015 156 1077 aul:
180 1011 261 1076 duos
285 1014 391 1077 reatos
415 1032 486 1076 esse
510 1014 567 1075 aul
590 1010 716 1075 duobus
739 1011 839 1075 realis
863 1011 1024 1093 aequales.

214 1113 252 1176 Ε
283 1117 332 1177 Α
487 1118 553 1182 iam
577 1118 605 1182 si
628 1119 728 1181 ΓΒΑ
742 1148 784 1170 =
799 1121 919 1202 ABA,
943 1116 1006 1181 duo
1030 1116 1112 1181 reali

439 1227 515 1289 sunt
552 1223 627 1304 [def.
661 1224 725 1304 10].
781 1223 833 1288 sin
870 1223 993 1307 minus,
1031 1245 1051 1287 a
1083 1227 1111 1287 Β

416 1376 418 1380 ⁴
438 1333 558 1414 punelzo
573 1329 614 1394 ad
628 1333 750 1394 reolam
759 1332 822 1393 ΓΔ
831 1329 1110 1414 perpendicularis

439 1435 575 1502 dueatur
588 1440 654 1500 BE
671 1438 776 1519 [prop.
786 1433 857 1516 XI].
880 1436 989 1520 itaque
1001 1439 1061 1500 ΓΒ
1069 1440 1112 1519 Ε,

439 1546 543 1606 ΕΒΔ
570 1540 634 1606 duo
658 1541 739 1606 recti
763 1545 847 1606 sunl.
902 1545 935 1605 el
957 1542 1112 1627 quoniam

208 1661 241 1714 Β
321 1667 362 1720 1⁷
440 1650 539 1712 ΓΒΕ
552 1677 593 1700 =
609 1649 707 1710 ΓΒΑ
723 1648 764 1727 -Ι-
780 1651 896 1732 ΑΒΕ,
932 1648 1112 1713 eommunis

47 1768 54 1774 “
96 1754 265 1820 adfiaIaIur
300 1759 412 1819 ΕΒΔ.
466 1754 576 1839 itaque
609 1756 707 1817 ΓΒΕ
720 1754 761 1833 -Ι-
778 1756 881 1816 ΕΒΔ
899 1783 940 1806 =
955 1757 1055 1820 ΓΒΑ
1071 1756 1111 1834 -l·

96 1863 198 1924 ABE
212 1862 252 1940 -Ι-
269 1864 374 1925 ΕΒΔ
398 1862 440 1940 [κ.
464 1861 532 1924 ἔνν.
555 1861 600 1940 2].
635 1880 749 1923 rursus
772 1859 925 1941 quoniam
949 1863 1055 1923 ΔΒΑ
1070 1889 1111 1912 =

97 1967 202 2027 ΔΒΕ
216 1965 256 2044 4-
273 1969 335 2029 ΕΒ
341 1971 387 2050 A,
424 1965 606 2039 eommunis
640 1963 812 2028 adiicietur
843 1966 952 2028 ΑΒΓ.
1002 1965 1112 2049 itaque

97 2073 202 2133 ΑΒΑ
218 2071 258 2150 ÷
274 2074 430 2135 Aar=
446 2075 551 2135 ΑΒΒ
564 2073 605 2152 ÷
623 2054 725 2134 ΒΒΑ
740 2071 781 2150 ÷
797 2071 901 2134 ΑΒΓ
932 2070 1009 2151 [idq
1056 2072 1112 2136 see

96 2174 356 2241 demonstratum
379 2181 438 2256 est,
461 2177 561 2241 etiam
580 2179 681 2241 ΓΒΕ
693 2177 734 2258 -l-
751 2179 854 2239 ΕΒΔ
872 2175 986 2241 iisdem
1006 2177 1111 2242 tribus

96 2281 249 2365 aequales
274 2303 353 2348 esse.
377 2304 460 2368 quae
483 2287 592 2348 aulem
614 2283 718 2348 eidem
738 2282 884 2367 aequalia
903 2285 988 2362 sunl,
1012 2282 1112 2348 etiam

95 2388 240 2453 interae
263 2391 413 2474 aequalia
436 2392 577 2471 sunt[x.
601 2391 669 2456 lav.
697 2391 738 2471 1].
775 2411 874 2474 quare
898 2389 999 2454 etiam

284 2499 381 2561 ΓΒΕ
395 2499 435 2578 4
452 2501 560 2561 ΕΒΔ
575 2527 617 2551 =
634 2501 737 2562 ΔΒΑ
753 2498 793 2577 -l-
810 2496 920 2561 ΑΒΓ.

160 2622 274 2666 uerum
294 2605 392 2668 ΓΒΕ
406 2607 447 2684 -Ι-
463 2607 565 2668 ΕΒΔ
583 2603 647 2668 duo
670 2603 750 2668 reati
773 2605 859 2667 sunl.
882 2601 992 2685 itaque
1013 2600 1111 2665 etiam

94 2710 200 2771 ΔΒΑ
214 2710 255 2789 -l-
271 2712 377 2776 ΑΒΓ
395 2710 521 2776 duobus
543 2710 642 2774 reelis
666 2713 742 2774 sunl
765 2709 925 2793 aequales.

160 2811 251 2899 Ergo
275 2815 303 2879 si
326 2817 416 2880 reela
439 2835 537 2898 super
559 2818 681 2882 rectam
703 2815 822 2882 lineam
846 2815 954 2880 ereata
974 2814 1112 2897 angulos

166 2985 237 3042 XIII.
258 2987 384 3058 Simplie.
403 2987 433 3042 in
451 2988 531 3058 phys.
551 2987 599 3045 fol.
616 2995 658 3045 14.
695 2989 843 3059 Philopou.
862 2987 893 3042 in
911 2988 992 3056 phys
1012 2986 1031 3039 h
1049 2985 1111 3054 ΗΠ,

95 3054 125 3110 in
143 3058 217 3116 anal
235 3057 262 3111 H
279 3076 307 3128 p.
323 3065 366 3114 65.
403 3059 512 3114 Psellus
530 3078 558 3130 p.
573 3065 669 3122 36,40.
703 3059 819 3115 Boetius
838 3078 865 3129 p.
882 3063 979 3125 381,9.

96 3167 254 3183 *ew-aua·-

94 3214 151 3273 εἰσί
167 3216 263 3287 ΡΒΕς
282 3235 372 3288 comp.
391 3218 419 3274 b.
493 3225 535 3277 16.
555 3219 613 3290 ἴση]
635 3236 704 3275 corr.
725 3235 760 3274 ex
778 3215 826 3273 ἶσα
845 3218 878 3273 V.
944 3213 1033 3288 ἐστίν]
1052 3217 1112 3288 PF,

99 3303 189 3358 comp.
209 3292 237 3360 b,
257 3285 320 3346 ἐστί
334 3289 430 3360 uulgo.
486 3297 527 3350 1⁷.
557 3285 626 3373 ἄρα]
649 3285 706 3360 ἄρα
724 3290 827 3358 γωνίαι
845 3289 885 3358 (in
903 3290 969 3414 raa?
988 3285 1022 3343 al
1040 3288 1071 3344 V.

95 3363 140 3413 20.
159 3361 225 3433 καί]
246 3360 319 3431 (all.)
338 3365 404 3430 post
418 3376 453 3419 ea
470 3361 534 3416 add.
555 3360 593 3428 V;
611 3379 642 3414 m
660 3378 716 3430 mg.
735 3359 800 3414 add.
819 3377 856 3415 m.
871 3366 903 3414 2:
929 3380 948 3414 α
978 3353 1041 3415 δύο.

92 3434 135 3483 21.
156 3428 226 3488 εἰσιν
247 3435 305 3487 ἴσαι
323 3449 351 3501 p.
407 3438 449 3487 22.
469 3430 555 3504 εἰσιν]
573 3431 636 3498 ΡΕς
656 3447 746 3518 οοξΒρ.
764 3429 826 3497 Bb;
846 3429 901 3486 εἰσι
915 3430 1010 3556 ΒΒΙέο.
1066 3425 1110 3500 al]

93 3514 148 3556 om.
163 3499 197 3557 V.
270 3497 476 3574 23.sl'qoe]om.
495 3501 554 3558 BF.
628 3509 671 3559 24.
695 3499 770 3572 Εάν]
790 3497 828 3565 ὣς
846 3498 884 3559 ἄν
902 3501 954 3556 ΡΒ
988 3502 1075 3568 th.
