2356 3818
154 361 235 430 Ἐκὶ
258 364 329 451 την
353 368 547 433 δοθεῖσαν
571 363 740 433 εὐθεῖαν
759 362 1016 453 άκειρονάκὸ
1036 369 1110 434 τοῦ

90 470 280 550 δοθέντος
312 477 492 557 σημείου,
526 467 544 539 3
573 470 622 558 μή
651 473 759 540 ἐστιν
788 470 845 540 ἐπ’
872 469 1007 558 αὐτῆς,
1039 470 1110 539 κά-

89 585 209 645 θετον
232 575 399 644 εὐθεῖαν
422 575 607 666 γραμμὴν
630 575 806 665 άγαγεῖν.

53 695 70 744 ο
146 681 255 751 Ἔστω
279 679 299 769 ἡ
324 682 386 770 μέν
409 687 552 751 δοθεῖσα
575 681 695 752 εὐθεῖα
717 682 855 773 άκειρος
880 681 898 770 ἡ
918 691 984 751 AB
1008 681 1046 751 τὸ
1067 683 1108 752 δὲ

88 789 194 858 δοθὲν
218 802 372 877 σημεῖον,
404 787 422 858 3
446 789 492 878 μη’
516 793 607 859 ἐστιν
631 789 682 859 ἐπ’
709 788 826 878 αὐτῆς,
856 787 894 858 τὸ
919 796 959 857 Γ·
983 794 1038 858 δεῖ
1059 788 1104 878 δὴ

87 897 139 964 ἐπὶ
166 895 229 983 τὴν
259 900 422 965 δοθεῖσαν
446 895 586 965 εὐθεῖαν
609 895 749 985 άτειρον
772 896 835 983 την
858 906 891 964 Α
897 904 925 964 Β
949 893 1014 964 άπὸ
1039 901 1103 964 τοῦ

87 1005 250 1081 δοθέντος
264 1007 404 1088 σημείου
417 1006 479 1070 τοῦ
489 1009 527 1087 Γ,
547 999 565 1070 3
585 1001 630 1089 μή
650 1004 740 1070 ἐστιν
760 1000 936 1088 έκάάτῆς,
955 1002 1106 1071 κάθετον

86 1106 226 1176 εὐθεῖαν
249 1107 406 1194 γραμμὴν
430 1105 581 1195 ἀγαγεῖν.

35 1226 68 1276 10
154 1212 322 1300 Εἰλήφθω
347 1211 412 1303 γάρ
436 1214 488 1283 gaz
511 1212 552 1282 τά
576 1215 670 1304 ἕτερα
693 1216 776 1305 μέρη
799 1219 857 1303 τῆς
879 1223 945 1283 ΑΒ
969 1216 1107 1296 εὐθείας

85 1317 188 1408 τυχδν
219 1333 358 1406 σημεῖον
386 1319 423 1388 τὸ
452 1330 500 1406 Δ,
532 1323 588 1389 καὶ
615 1323 741 1414 κέντρῳ
765 1321 826 1409 μὲν
849 1325 895 1414 τῷ
919 1328 951 1389 Γ
970 1321 1104 1410 διαστή-

86 1451 163 1521 ματι
191 1425 229 1494 δὲ
255 1429 301 1518 τῷ
325 1433 387 1494 ΓΔ
414 1426 535 1508 κύκλος
557 1428 742 1518 γεγράφθω
767 1426 785 1496 3
810 1436 927 1514 ΕΖΗ,
966 1428 1022 1496 καὶ
1054 1454 1104 1496 τε-

84 1532 225 1620 τμήσθω
241 1529 261 1619 ἡ
276 1541 350 1601 ΕΗ
369 1531 487 1602 εὐθεῖα
510 1539 587 1622 δίχα
610 1534 751 1602 κατὰτὸ
771 1543 809 1621 Θ,
828 1535 884 1603 καὶ
904 1533 1103 1622 ἐπεζεύχθω-

85 1658 149 1709 σαν
169 1643 206 1708 αί
222 1646 303 1726 ΓΗ,
313 1646 385 1725 ΓΘ,
395 1648 460 1709 ΓΕ
477 1639 622 1708 εὐθεῖαι·
646 1642 742 1726 λέγω,
763 1639 813 1708 ὅτι
833 1642 886 1710 ἐπὶ
906 1639 969 1728 τὴν
989 1643 1102 1708 δοθεῖ-

33 1756 65 1807 15
86 1765 150 1815 σαν
183 1744 323 1815 εὐθεῖαν
360 1745 500 1835 άτειρον
537 1744 599 1833 τὴν
636 1753 701 1813 AB
736 1744 802 1813 άτὸ
840 1750 901 1814 τοῦ
939 1748 1103 1827 δοθέντος

84 1842 308 1941 σημείουτοῦ
332 1857 369 1939 Γ,
394 1849 413 1921 3
436 1851 482 1940 μή
507 1854 596 1920 ἐστιν
620 1853 669 1920 ἐπ’
695 1849 813 1938 αὐτῆς,
839 1850 982 1931 κάθετος
1005 1843 1102 1938 ἦκται

83 1957 104 2048 ἡ
130 1967 162 2028 Γ
163 1969 199 2028 Θ·
561 2041 563 2047 ,

147 2064 236 2134 Ἐπεὶ
263 2065 328 2155 γάρ
356 2075 411 2153 ίση
440 2066 530 2135 ἐστὶν
559 2062 579 2152 ἡ
612 2072 679 2134 ΗΘ
706 2069 746 2155 τῇ
774 2073 855 2151 ΘΕ,
885 2063 983 2152 κοινὴ
1011 2065 1050 2134 δὲ
1080 2065 1101 2156 ἡ

82 2178 160 2258 ΘΓ,
184 2172 247 2240 δύο
272 2172 313 2260 δὴ
336 2175 373 2240 αί
389 2178 468 2257 ΗΘ,
492 2178 557 2239 ΘΓ
572 2171 636 2240 δύο
655 2187 727 2252 ταῖς
746 2179 819 2257 ΕΘ,
834 2176 900 2240 ΘΓ
919 2180 989 2240 ίσαι
1012 2173 1101 2242 είσδν

29 2288 64 2338 20
84 2277 220 2368 ἑκατέρα
244 2279 393 2368 ἑκατέρᾳ·
415 2277 471 2345 καὶ
495 2277 593 2364 βάσις
614 2276 635 2366 ἡ
654 2285 726 2346 ΓΗ
744 2279 841 2365 βάσει
863 2283 902 2366 τῇ
927 2282 991 2346 ΓΕ
1009 2281 1100 2347 ἐστιν

83 2393 152 2472 ίση·
175 2391 283 2472 γωνία
306 2383 372 2474 άρα
390 2381 411 2471 ἡ
430 2381 496 2483 ὑιζδ
517 2389 622 2452 ΓΘΗ
631 2390 738 2475 γωνία
756 2389 796 2474 τῇ
811 2383 878 2453 ὑτδ
893 2388 994 2452 ΕΘΓ
1008 2384 1100 2452 ἐστιν

83 2501 148 2579 ίση.
184 2497 244 2560 καί
269 2495 355 2559 είσιν
383 2492 510 2578 ἐφεξῆς.
561 2489 643 2559 ὅταν
674 2490 711 2559 δὲ
735 2490 853 2560 εὐθεῖα
877 2490 928 2560 ἐπ’
955 2488 1099 2559 ου’θεῖαν

82 2608 244 2666 σταθεῖσα
267 2597 325 2678 τάς
344 2599 461 2684 ἐφεξῆς
478 2603 604 2684 γωνίας
623 2605 697 2678 ίσας
715 2594 875 2683 άλλήλαις
894 2601 984 2686 ποιῇ,
1008 2594 1103 2686 ὀρθὴ·

82 2705 220 2794 ἑκατέρα
242 2708 311 2773 τοόν
335 2712 419 2773 ῖσων
443 2708 577 2791 γωνιῶν
597 2706 698 2788 ἐστιν,
717 2704 774 2772 καὶ
792 2701 812 2791 ἡ
828 2707 1030 2790 ἐφεστηκυῖα
1049 2700 1099 2770 εὐ-

27 2819 61 2870 25
80 2819 160 2878 θεῖα
182 2809 325 2891 κάθετος
347 2817 494 2879 καλεῖται
518 2809 571 2897 ἐφ’
597 2807 641 2897 ἢν
665 2810 855 2896 ἐφέστηκεν.

146 2914 219 2985 Ἐπὶ
246 2913 308 3004 τὴν
332 2921 495 2985 δοθεῖσαν
527 2914 594 3006 άρα
618 2913 757 2984 εὐθεῖαν
781 2913 923 3004 άτειρου
946 2913 1008 3000 τὴν
1031 2923 1098 2983 ΑΒ

81 3022 147 3093 άπὸ
172 3026 233 3092 τοῦ
257 3025 419 3103 δοθέντος
441 3029 582 3111 σημείου
604 3026 664 3090 τοῦ
680 3028 718 3107 Γ,
743 3018 761 3090 3
786 3020 831 3108 μή
856 3024 946 3090 ἐστιν
971 3021 1020 3090 ἐπ’
1039 3020 1097 3090 αά-

80 3134 150 3218 τῆς,
173 3129 315 3209 κάθετος
338 3121 434 3216 ἦκται
456 3127 477 3217 ἡ
502 3136 575 3197 ΓΘ
601 3127 682 3215 ὅπερ
707 3131 774 3195 έδει
798 3130 946 3215 ποιῆσαι.

80 3257 294 3269 —u-——n—

150 3329 176 3382 2.
195 3322 269 3379 Ante
287 3318 346 3378 άκό
365 3341 418 3378 ras.
438 3331 454 3378 2
473 3323 529 3379 litt.
548 3323 578 3377 P.
652 3329 676 3379 9.
695 3319 842 3394 γραμμήν]
861 3341 918 3448 αις.
937 3341 974 3378 m.
989 3323 1096 3378 recenfi

77 3394 112 3452 V.
149 3401 228 3465 fflll.
248 3392 311 3466 μέν]
331 3411 416 3465 supra
433 3413 470 3448 m.
486 3401 500 3449 1
519 3394 549 3449 P.
630 3391 737 3463 κέντρα
755 3395 794 3448 τά
816 3397 843 3448 Γ
858 3414 896 3449 κα
927 3391 1026 3463 διαστή
1049 3414 1096 3448 τιτι

36 3520 45 3527 ,
76 3465 185 3537 οεορ.
260 3471 301 3522 13.
321 3460 438 3537 ιτοεττ]
457 3466 493 3532 P;
512 3482 567 3521 om.
586 3464 681 3519 Theon
700 3449 860 3536 (Βοάορ).
935 3472 976 3521 14.
999 3414 1095 3537 μέμ
