2356 3818
71 136 135 201 150
446 139 647 193 Στοῑττιαα
668 133 707 209 ε’.

67 282 108 368 vy}
131 236 193 347 ΕΖ
217 281 308 348 ἐστιν
331 288 395 367 ἴση.
423 280 480 347 καῖ
504 279 573 348 ἐπεὶ
598 280 665 370 [ἴση
690 280 781 349 ἐστὶν
804 278 825 367 ἡ
849 287 916 348 ΕΓ
934 285 974 370 vy}
998 286 1083 367 ΓΛ,]

68 395 144 455 ἴσον
173 387 241 455 ἐστὶ
270 388 352 470 [καῖ]
381 384 419 455 τὸ
449 384 515 454 ἀπὸ
543 392 602 474 τῆς
625 394 691 455 ΕΓ
714 387 925 478 τετράγωνον
947 391 993 479 τῷ
1018 384 1083 455 ἀπὸ

67 497 125 580 τῆς
148 499 209 561 ΓΑ
231 493 445 585 τετραγώνῳ·
468 492 509 560 τὰ
533 491 599 583 ἄρα
621 491 686 562 αἰτὸ
711 499 780 563 τών
795 500 866 581 ΕΓ,
888 501 954 562 ΓΑ
971 492 1085 581 τετρώ-

67 626 161 685 γωνα
193 599 352 668 διπλάσιά
386 603 455 669 ἐστι
490 604 552 669 τοῦ
585 598 651 667 ἀπὸ
682 603 740 687 τῆς
772 607 833 668 ΓΑ
863 598 1085 689 τετραγώνου.

33 718 137 785 οτοῖς
160 705 198 774 δὲ
221 703 285 775 ἀπὸ
309 712 378 776 τών
398 712 477 794 ΕΓ,
500 712 561 775 ΓΑ
580 716 656 776 ἴσον
680 706 749 775 ἐστὶ
770 705 811 775 τὸ·
834 705 899 775 ἀπὸ
922 711 980 793 τῆς
1003 714 1083 774 ΕΛ·

66 809 104 878 τὸ
133 808 200 898 ἄρα
228 809 293 881 ἀπὸ
322 818 381 899 τῆς
404 821 471 881 ΕΑ
492 815 705 902 τετράγωνον
729 811 908 882 διπλάσιόν
931 815 999 881 ἐστι
1022 817 1085 881 τοῦ

67 915 132 985 ἀπὸ
160 921 219 1003 τῆς
246 926 315 988 ΑΓ
342 920 562 1009 τετραγώνου.
608 920 725 1007 πάλιν,
758 920 827 989 ἐπεὶ
855 929 910 1006 ἴση
944 920 1035 988 ἐστὶν
1063 917 1084 1006 v}

67 1031 140 1091 ΖΗ
162 1029 201 1114 vy}
228 1032 307 1112 ΕΖ,
336 1035 412 1094 ἴσον
441 1025 510 1093 ἐστὶ
536 1027 593 1094 καὶ
622 1025 660 1095 τὸ
688 1024 753 1095 ἀπὸ
777 1031 837 1113 τῆς
859 1033 931 1094 ΖΗ
948 1030 994 1119 τῷ
1018 1024 1085 1094 ἀπὸ

65 1133 124 1216 τῆς
147 1137 225 1198 ΖΕ·
267 1130 307 1199 τὰ
336 1131 403 1221 ἄρα
431 1129 495 1200 ἀπὸ
524 1136 592 1201 τών
617 1140 700 1218 ΗΖ,
735 1141 799 1201 ΖΕ
824 1132 983 1200 διπλάσιά
1014 1135 1085 1201 ἐστι

15 1241 127 1304 10τοῦ
155 1234 220 1304 ἀπὸ
248 1241 307 1325 τῆς
335 1245 406 1306 ΕΖ.
452 1252 522 1318 τοῖς
550 1238 588 1307 δὲ
615 1236 680 1306 ἀπὸ
712 1243 781 1308 τών
805 1248 887 1326 ΗΖ,
922 1247 986 1308 ΖΕ
1007 1248 1083 1307 ἴσον

67 1343 136 1412 ἐστὶ
158 1343 196 1412 τὸ
221 1341 285 1412 ἀπὸ
309 1348 367 1430 τῆς
386 1351 460 1411 ΕΗ
465 1367 473 1382 ·
498 1345 536 1413 τὸ
560 1343 627 1433 ἄρα
649 1343 715 1414 ἀπὸ
739 1349 798 1433 τῆς
817 1352 886 1413 ΕΗ
904 1343 1084 1413 διπλάσιόν

67 1452 136 1518 ἐστι
158 1454 220 1517 τοῦ
243 1447 309 1519 ἀπὸ
333 1455 392 1538 τῆς
415 1458 486 1518 ΕΖ.
523 1459 578 1538 ἴση
603 1451 640 1520 δὲ
663 1450 684 1538 ἡ
709 1459 771 1520 ΕΖ
793 1457 836 1541 vy}
854 1458 934 1520 ΓΛ·
956 1449 994 1519 τὸ
1016 1449 1084 1537 ἄρα

23 1616 27 1622 .
67 1553 132 1623 ἀπὸ
156 1559 213 1643 τῆς
232 1564 307 1624 ΕΗ
324 1555 537 1645 τετράγωνον
561 1558 739 1627 διπλάσιόν
763 1561 832 1626 ἐστι
854 1562 915 1625 τοῦ
939 1554 1005 1625 ἀπὸ
1025 1561 1084 1643 τῆς

67 1668 138 1730 ΓΔ.
184 1665 319 1748 ἐδείχθη
351 1662 388 1731 δὲ
417 1663 473 1730 καὶ
495 1662 534 1731 τὸ
558 1662 624 1733 ἀπὸ
647 1668 706 1750 τῆς
728 1671 795 1732 ΕΑ
818 1662 997 1732 διπλάσιον
1019 1666 1082 1731 τοῦ

15 1784 47 1833 15
67 1766 131 1837 ἀπὸ
154 1771 215 1855 τῆς,
235 1776 316 1836 ΑΓ·
353 1768 393 1836 τὰ
421 1768 488 1859 ἄρα
511 1768 575 1838 ἀπὸ
598 1775 667 1839 τών
690 1777 772 1855 ΑΕ,
801 1775 874 1842 ΕΗ
891 1768 1082 1858 τετράγωνα

67 1874 224 1943 διπλάσιά
258 1878 327 1943 ἐστι
360 1879 430 1943 τών
456 1874 523 1944 ἀπὸ
546 1879 614 1945 τών
649 1883 727 1963 ΑΓ,
760 1883 823 1944 ΓΛ
853 1876 1081 1964 τετραγώνων.

65 1996 135 2061 τοῖς
158 1981 196 2050 δὲ
219 1980 284 2049 ἀπὸ
309 1986 377 2049 τών
401 1989 483 2068 ΑΕ,
512 1989 581 2049 ΕΗ
607 1981 828 2070 τετραγώνοις
852 1991 927 2050 ἴσον
952 1980 1020 2051 ἐστὶ
1043 1980 1082 2049 τὸ

65 2085 131 2154 ἀπὸ
160 2092 219 2173 τῆς
242 2097 273 2154 A
280 2093 314 2154 H
340 2086 570 2175 τετράγωνον·
611 2086 648 2156 τὸ
679 2086 746 2174 ἄρα
769 2085 834 2155 ἀπὸ
857 2091 916 2174 τῆς
938 2095 1015 2156 ΑΗ
1033 2092 1083 2155 θι-

65 2191 209 2261 πλώσιόν
232 2197 299 2261 ἐστι
322 2198 392 2263 τών
415 2191 481 2261 ἀπὸ
505 2198 574 2263 τών
596 2200 671 2281 ΑΓ,
694 2199 765 2262 ΓΔ.
805 2198 850 2287 τῷ
876 2194 913 2263 δὲ
936 2191 1002 2262 ἀπὸ
1025 2198 1084 2280 τῆς

13 2306 144 2370 νοΑΗ
171 2309 228 2367 ἴσα
260 2301 328 2368 ἐστὶ
355 2298 396 2367 τὰ
424 2298 490 2368 ἀπὸ
519 2305 586 2368 τών
610 2309 697 2387 ΑΔ,
730 2308 820 2369 ΛΗ·
861 2300 902 2368 τὰ
924 2299 991 2387 ἄρα
1014 2297 1081 2369 ἀπὸ

65 2409 133 2473 τών
161 2413 247 2490 ΑΔ,
281 2413 355 2476 ΛΗ
384 2404 602 2492 [τετράγωνα]
636 2406 794 2474 διπλάσιά
823 2410 891 2475 ἐστι
919 2411 986 2476 τών
1014 2403 1081 2475 ἀπὸ

64 2514 133 2578 τών
160 2515 238 2595 ΑΓ,
267 2518 330 2579 ΓΔ
353 2511 609 2600 [τετραγώνων].
656 2520 711 2598 ἴση
736 2512 773 2581 δὲ
795 2511 816 2599 ἡ
842 2520 915 2580 ΛΗ
936 2517 976 2602 vy}
1000 2521 1083 2580 ΔΒ·

64 2613 104 2684 τὰ
129 2613 194 2703 ἄρα
218 2614 284 2684 ἀπὸ
309 2621 376 2685 τών
396 2626 481 2704 ΑΔ,
496 2625 562 2685 ΔΒ
588 2619 805 2709 [τετράγωνα]
831 2618 989 2687 διπλάσιά
1013 2622 1082 2687 ἐστι
1142 2625 1148 2637 “

64 2724 132 2788 τών
156 2719 222 2790 ἀπὸ
247 2726 316 2790 τών
341 2730 414 2809 ΑΓ,
438 2729 506 2792 ΓΔ
528 2725 756 2812 τετραγώνων.

12 2845 46 2894 25
131 2826 208 2896 Ἐὰν
231 2828 298 2917 ἄρα
316 2829 433 2898 εὐθεῖα
450 2829 585 2919 γραμμὴ
605 2836 717 2920 τμηθῇ
738 2836 826 2919 δίχα,
849 2836 1019 2920 προστεθῇ
1044 2833 1085 2899 δέ

65 2960 114 3013 τις
144 2931 228 3024 αὐτῇ
257 2935 374 3004 εὐθεῖα
402 2936 451 3005 ἐπ’
484 2936 635 3022 εὐθείας,
668 2936 705 3005 τὸ
739 2935 805 3005 ἀπὸ
832 2941 890 3024 τῆς
914 2935 993 3023 ὅλης
1016 2935 1081 3006 σὺν

65 3045 104 3128 vy}
128 3044 348 3132 τροσκειμένη
372 3044 427 3111 καῖ
450 3042 488 3112 τὸ
512 3041 577 3111 ἀπὸ
601 3047 659 3129 τῆς
682 3043 921 3129 προσκειμένης
943 3041 983 3111 τὰ
1003 3063 1081 3111 σνν-

66 3146 237 3236 αμφότερα
265 3149 456 3237 τετράγωνα
486 3149 645 3218 διπλάσιά
675 3153 742 3218 ἐστι
773 3154 834 3217 τοῦ
867 3176 902 3218 τε
934 3148 999 3217 ἀπὸ
1023 3153 1083 3236 τῆς

140 3349 163 3399 1.
187 3344 251 3414 ΕΖ]
274 3346 323 3395 ΖΕ
343 3345 377 3409 Ρ;
408 3346 463 3396 ΖΗ
484 3363 503 3414 p
523 3347 552 3400 et
569 3345 590 3398 F
610 3351 683 3400 m.2.
775 3347 819 3413 ἴση
840 3340 916 3400 ἐστὶν
936 3342 953 3410 ἡ
974 3344 1081 3415 ΕΓτῇ

68 3414 129 3535 ΓΑ)
147 3431 201 3468 om.
221 3413 250 3467 P.
332 3415 403 3485 ΕΓ]
423 3418 478 3469 ΑΓ
493 3434 519 3485 p.
604 3416 660 3500 ΓΑ]
680 3415 710 3468 in
728 3433 783 3470 ras.
802 3415 924 3481 m‚2V;
944 3417 998 3497 ΓΕ
1016 3433 1043 3501 p.

60 3491 86 3535 «0,
125 3487 190 3537 στίν
209 3483 238 3538 V.
324 3485 389 3555 καί]
410 3501 463 3540 om.
483 3488 512 3541 P.
585 3488 646 3559 της]
659 3504 720 3549 ,0m.
741 3489 770 3542 Ρ.
845 3487 915 3558 ΕΓ]
935 3488 1008 3540 Em
1026 3501 1082 3543 ras,
