2356 3818
91 146 157 212 184
471 152 731 228 Συουιυιιισγ.

89 290 159 374 μίν
182 293 290 360 ἐστιν
313 291 334 380 ἡ
358 292 424 364 διὰ
446 301 513 366 τοῦ
530 298 711 387 κέντρου,
733 305 811 369 τῶν
830 300 873 370 δὲ
891 300 1027 371 ἄλλων
1047 299 1112 372 ἀεὶ

89 391 109 480 ἡ
138 398 274 482 ἔγγιον
305 403 373 487 τῆς
405 399 470 469 διὰ
493 407 564 472 τοῦ
592 405 769 494 κέντρουξ
794 410 863 493 τῆς
900 405 1112 493 ἀπώτερον

89 506 231 586 μείζων
264 507 389 594 ἐστίν,
420 513 497 578 τῶν
530 510 702 601 δὲπρὸς
728 511 801 599 τὴν
823 511 972 603 κυρτὴν
995 538 1110 600 περι-

88 608 253 696 φέρειαν
277 622 613 699 προσπιπτουσῶν
636 617 809 688 εὐθειῶν
829 623 1012 708 ἐλαχίστη
1033 620 1110 706 μίν

53 714 197 783 ὅέστιν
228 713 249 804 ἡ
283 719 427 804 μεταξὺ
458 726 529 791 τοῦ
560 749 601 792 τε
634 730 801 812 σημείου
827 727 893 793 καὶ
920 731 987 813 τῆς
1018 730 1111 794 δια·

88 820 246 910 μέτρου,
276 828 355 895 τῶν
388 826 430 895 δέ
457 827 588 898 ἄλλων
616 829 678 899 ἀεὶ
705 829 727 918 ἡ
756 836 892 919 ἔγγιον
922 835 989 918 τῆς
1012 834 1110 901 ἐλα-

87 931 223 1015 χίστης
253 935 321 1018 τῆς
358 929 563 1025 ἀπώτερόν
596 939 704 1005 ἐστιν
740 936 925 1023 ἐλάττων,
957 936 1033 1006 δύο
1063 937 1111 1007 δὲ

87 1032 213 1117 μόνον
246 1045 329 1105 ίσαι
361 1035 435 1108 ἀπὸ
472 1046 543 1109 τοῦ
581 1048 748 1129 σημείου
778 1046 1110 1134 προσπεσοῦνται

87 1136 184 1223 πρὸς
205 1139 275 1211 τὸν
297 1142 444 1213 κύκλον
468 1145 526 1234 ἐφ’
552 1148 723 1239 ἑκάτεροι
744 1154 812 1238 τῆς
835 1154 1054 1237 ἐλαχίστης.

48 1249 71 1300 »0
147 1242 256 1316 Ἔστω
279 1248 400 1331 κύκλος
423 1249 441 1320 ὁ
466 1260 580 1342 ΑΒΓ,
607 1257 663 1324 καὶ
685 1261 747 1325 τοῦ
769 1262 874 1325 ΑΒΓ
891 1254 1048 1342 εἰλήφθω
1071 1282 1109 1322 τι

86 1365 226 1436 σημεῖον
259 1354 351 1438 ἐκτὸς
376 1358 414 1427 τὸ
439 1369 487 1446 Λ,
519 1362 576 1428 καὶ
603 1359 661 1429 ἄπ’
691 1360 795 1432 αὐτοῦ
825 1361 1026 1449 διήχθωσαν
1049 1357 1107 1430 εὐ-

86 1463 183 1525 θεῖαί
201 1486 290 1544 τινες
312 1467 350 1532 αί
371 1473 455 1554 ΛΑ,
484 1476 568 1553 ΛΕ,
597 1476 678 1555 ΔΖ,
707 1475 786 1554 ΛΓ,
815 1473 899 1536 ἔστω
923 1466 961 1536 δὲ
983 1464 1006 1553 ἡ
1032 1475 1107 1536 ΔΑ

87 1558 144 1630 διὰ
166 1571 229 1636 τοῦ
250 1575 400 1661 κέντρου.
427 1577 522 1663 λέγω,
547 1573 599 1643 ὅτι
621 1579 689 1643 τῶν
707 1574 768 1661 μὲν
786 1572 870 1658 πρὸς
886 1574 948 1660 τὴν
966 1578 1113 1642 ΑΕΖΓ

86 1676 204 1761 κοίλην
231 1682 447 1770 περιφέρειαν
474 1684 754 1771 προσπιπτουσῶν
781 1679 928 1750 εὐθειῶν
960 1685 1104 1767 μεγίστη

50 1779 147 1863 ὗμὲν
193 1786 283 1856 ἐστιν
328 1785 349 1875 ἡ
392 1786 448 1857 διὰ
493 1792 554 1856 τοῦ
599 1790 740 1876 κέντρου
784 1787 805 1875 ἡ
848 1795 933 1873 ΛΑ,
979 1792 1107 1873 μείζων

87 1886 125 1954 δὲ
156 1887 177 1978 ἡ
210 1894 272 1982 μὲν
305 1903 375 1963 ΔΕ
407 1899 466 1982 τῆς
498 1903 564 1963 ΛΖ
596 1892 617 1982 ἡ
651 1893 689 1963 δὲ
725 1901 791 1961 ΛΖ
823 1898 882 1981 τῆς
917 1899 999 1979 ΛΓ,
1032 1897 1107 1962 τῶν

87 1993 125 2062 δὲ
165 1999 249 2089 πρὸς
288 2000 351 2088 τὴν
385 2008 542 2070 ΘΛΚΗ
577 1997 703 2089 κυρτὴν
743 2000 957 2087 περιφέρειαν
998 2018 1104 2087 προσ-

85 2112 280 2176 πιπτουσῶν
317 2105 462 2176 εὐθειῶν
499 2111 651 2194 ἐλαχίστη
689 2106 751 2192 μέν
788 2108 878 2172 ἐστιν
914 2101 935 2192 ἡ
972 2112 1051 2173 ΔΗ
1080 2103 1105 2192 ἡ

86 2211 209 2291 μεταξὺ
234 2218 296 2281 τοῦ
324 2219 464 2300 σημείου
485 2213 541 2280 καλ
564 2218 623 2299 τῆς
646 2213 827 2300 διαμέτρου
849 2215 908 2298 τῆς
929 2218 1019 2297 ΑΗ,
1048 2209 1107 2280 ἀεὶ

86 2352 299 2368 -ᾑ--υ-

161 2431 183 2478 1.
204 2419 290 2496 ἐστιν]
312 2422 389 2480 ἔσται
408 2427 439 2480 Β.
511 2424 580 2479 Post
597 2423 716 2495 κέντρου
736 2426 800 2480 add.
818 2425 854 2479 P:
879 2420 1008 2494 ἐλαχίστη
1027 2423 1060 2480 δέ
1083 2422 1104 2496 ἡ

87 2492 192 2562 μεταξὺ
213 2496 264 2552 τοῦ
283 2515 313 2550 τε
333 2497 450 2565 σημείου
469 2495 518 2550 καλ
537 2496 587 2564 τῆς
605 2494 757 2566 διαμέτρου
776 2498 1002 2564 προσπίπτοντας
1022 2495 1105 2552 idem

85 2581 115 2632 p,
134 2566 236 2622 omisso
264 2568 491 2636 προσπίπτονσα;
518 2566 573 2622 del.
592 2585 628 2621 m.
644 2573 673 2633 23
703 2562 832 2636 ἐλαχίστη
851 2565 903 2636 μέν
923 2562 999 2621 ἐστιν
1019 2567 1103 2635 (huo-

87 2652 176 2705 uoquo
191 2640 224 2708 φ)
243 2633 260 2705 ἡ
276 2633 382 2708 μεταξὺ
401 2639 452 2692 τοῦ
470 2657 501 2692 τε
520 2639 637 2708 σημείου
656 2639 774 2706 καὶτῆς
792 2637 945 2708 διαμέτρου
964 2637 996 2703 F,
1015 2654 1108 2707 supra

86 2707 191 2777 scripto
210 2712 227 2780 β
245 2727 282 2762 m.
302 2714 331 2775 23
351 2725 435 2778 supra
453 2709 509 2762 τῶν
526 2708 605 2763 lin.1
626 2726 678 2764 sor.
698 2730 717 2763 α
736 2728 771 2763 m.
787 2716 812 2764 2.
867 2708 912 2779 δι’]
933 2702 963 2763 δ’
982 2708 1013 2763 Β.
1074 2715 1103 2764 2.

88 2775 198 2846 ἔγγειον
217 2780 248 2834 P.
312 2777 465 2847 ῶπῶτερων
483 2778 513 2848 Ρ,
532 2775 667 2848 ἀπωτέρω
686 2798 713 2850 p.
776 2786 801 2833 3.
821 2773 907 2848 ἐστίν]
926 2778 988 2845 PF3
1007 2794 1103 2850 comp.

85 2865 119 2918 p3
139 2845 242 2918 ἐστίνς
263 2849 341 2905 ἔσται
358 2850 390 2904 Β.
463 2857 489 2907 4.
508 2845 710 2921 ἐλαχίστη-6.
724 2848 890 2921 διαμέτρου]
909 2868 965 2920 mg.
984 2856 1048 2904 m.2
1064 2850 1106 2917 P;

85 2935 171 3044 χωρ
191 2924 220 2977 et
233 2923 264 2991 F,
282 2939 368 3048 ρυρχρ,
387 2915 510 3046 ρῦῗειῶν
531 2923 575 2976 est
592 2925 610 2993 β
628 2928 696 3047 nii}
788 2915 920 3046 ὅρἐτιυ]
939 2918 1104 3046 {yhloton

87 3058 198 3132 ἔγγειον
208 2999 247 3118 61).
257 3013 312 3048 των
327 3069 352 3118 7.
370 2994 609 3134 ῶῗωῗέηίωᾛρ.μ
628 2999 778 3118 aimonio?
794 3063 834 3131 (in
850 3036 905 3119 ias.
924 3082 961 3119 m.
977 3066 1004 3131 1)
1020 3031 1105 3117 ἐστίν

85 3151 113 3204 p.
204 3130 294 3208 ἐστιν]
314 3133 392 3190 ἔσται
409 3134 441 3189 B.
533 3130 656 3189 ἐλάσσων
675 3135 705 3192 F.
792 3139 816 3188 8.
837 3135 907 3205 ίσαι]
927 3135 949 3188 Ρ
967 3151 1004 3188 m.
1021 3139 1045 3201 1,
1064 3131 1104 3200 Ἐς

86 3221 139 3262 om.
158 3225 190 3277 p3
218 3201 334 3262 εὐθεῖαι
351 3208 413 3261 ίσαι
430 3208 469 3271 Βς
497 3208 557 3262 ίσαι
576 3201 690 3261 εὐθεῖαι
708 3205 742 3275 V,
760 3206 783 3260 P
802 3224 838 3261 m.
853 3213 878 3261 2.
964 3204 1028 3276 τοῦ]
1047 3205 1103 3260 τοῦ

85 3271 175 3335 αδτοῦ
192 3279 224 3335 Β.
297 3284 322 3335 9.
341 3273 423 3350 πρός]
444 3279 503 3332 ίσαι
520 3272 591 3346 πρός
604 3295 633 3347 p.
707 3283 747 3333 10.
767 3277 836 3333 Post
855 3273 924 3331 ἔστω
943 3293 996 3330 ras.
1017 3275 1104 3330 nito.

85 3347 119 3405 V.
192 3353 241 3406 καλ
259 3350 310 3404 τοῦ
329 3350 425 3421 ΑΒΓ]
446 3366 501 3404 om.
519 3348 550 3403 F.
629 3344 736 3418 είλήφω
756 3368 786 3418 φ.
861 3353 903 3402 12.
921 3345 1007 3416 τινες]
1027 3347 1103 3414 Ρ,1Ὶ

85 3436 122 3479 m.
140 3427 164 3488 1,
182 3420 208 3475 V
226 3427 307 3487 m.1;
336 3437 411 3482 τινες
430 3415 500 3487 πρὸς
518 3415 569 3474 τὸν
587 3415 691 3473 κύκλον
710 3421 771 3489 Bp,
790 3420 811 3473 F
831 3437 868 3472 m.
884 3425 909 3483 2,
928 3417 953 3468 V
971 3435 1007 3470 m.
1024 3421 1049 3469 2.

81 3490 117 3546 In
132 3490 198 3560 ipsa
212 3490 409 3561 propositione
427 3491 571 3562 Augustus
595 3508 645 3545 suo
669 3490 786 3546 arbitrio
805 3489 932 3546 ordinem
950 3488 1105 3544 uerborum
