2356 3818
93 148 159 214 190
476 151 678 204 Στοιχαιαα
696 146 735 219 γ’.

91 294 160 358 τῶν
183 290 246 377 μὲν
268 290 352 381 πρὸς
373 291 436 379 την
456 298 576 378 κοίλην
594 293 810 381 περιφέρειαν
827 302 1112 383 προσπιπτουσῶν

92 393 239 484 εὐθειῶν
262 403 399 485 μεγίστη
422 399 484 485 μέν
507 400 597 466 ἐστιν
616 396 637 485 ἡ
657 397 714 466 διὰ
731 402 794 468 τοῦ
814 399 966 489 κέντρον,
984 402 1055 468 τῶν
1074 397 1112 467 δὲ

92 500 205 588 ἄλλων
232 502 284 573 ἀεὶ
311 502 331 591 ἡ
361 509 475 591 ἔγγιον
502 510 562 592 τῆς
589 503 646 574 διὰ
673 509 735 574 τοῦ
762 507 904 595 κέντρον
934 508 994 592 τῆς
1023 503 1111 574 ἀπύ-

91 635 189 699 τερον
212 617 332 698 μείζων
356 612 458 698 ἐστίν,
481 615 549 679 τῶν
573 609 611 678 δέ
633 610 717 700 πρὸς
743 609 805 698 τὴν
827 609 953 698 κυρτὴν
971 613 1109 701 περιφέ-
1147 700 1150 705 Ι

55 729 186 805 ορειαν
214 719 495 803 προσπιπτουσῶν
523 714 669 786 εύθειύν
696 719 851 805 ἐλαχίστη
879 719 941 804 μέν
969 719 1062 786 ἐστιν
1085 715 1108 804 ἡ

91 821 213 909 μεταξύ
245 826 306 891 τού
338 848 373 891 τε
405 829 547 910 σημείου
573 821 630 890 καὶ
657 827 716 909 τῆς
746 824 941 913 διαμέτρου,
973 826 1044 893 τῶν
1071 821 1110 891 δὲ

90 926 204 996 ἄλλων
227 927 280 996 ἀεὶ
302 926 323 1015 ἡ
348 932 462 1014 ἔγγιον
483 933 543 1014 τῆς
561 929 733 1015 ἐλαχίστης
750 932 810 1015 τῆς
827 926 1002 1018 ἀπώτερόν
1018 930 1109 997 ἐστιν

91 1034 247 1120 ἐλάττων,
278 1034 341 1104 δύο
370 1033 408 1103 δέ
430 1033 539 1121 μόνον
563 1042 632 1102 ίσαι
656 1033 721 1102 ἀπὸ
755 1038 816 1103 τού
844 1040 984 1122 σημείου
1006 1053 1109 1125 προσ-

91 1146 272 1209 πεσοῦνται
295 1141 379 1226 πρὸς
396 1137 457 1208 τὸν
474 1138 601 1209 κύκλον
620 1137 674 1227 ἐφ’
688 1139 827 1227 ἐκοίτερα
844 1145 904 1228 τῆς
922 1143 1108 1229 ἐλαχίστης·

38 1260 72 1311 10
91 1244 173 1333 ὅπερ
197 1250 265 1314 ἔδει
289 1247 403 1326 δεῖξαι.

571 1439 619 1507 θ’.

154 1560 242 1631 Ἐὰν
274 1563 422 1632 κύκλου
450 1567 584 1652 ληφθῇ
611 1591 648 1632 τι
677 1577 843 1651 σημεῖον
873 1563 998 1652 ἐντός,
1032 1563 1106 1634 ἄπο

90 1669 133 1738 δὲ
162 1674 233 1740 τοῦ
256 1672 425 1760 σημείμυ
448 1669 545 1757 πρὸς
567 1669 637 1738 τὸν
660 1669 808 1739 κύκλον
831 1676 1107 1758 προσπίπτωσι

89 1773 290 1863 πλείους-ἢ
311 1774 383 1844 δύο
403 1783 486 1844 ίσαι
505 1773 680 1862 εύθεῖαι,
701 1774 743 1844 τὸ
764 1776 919 1864 ληφθὲν
939 1791 1107 1864 σημεῖον

38 1898 71 1946 15
89 1883 260 1969 κέντρον
284 1882 366 1950 ἐστὶ
389 1885 459 1949 τού
482 1880 638 1949 κύκλον.

146 1986 255 2056 Ἔστω
279 1988 400 2067 κύκλος
423 1985 441 2057 ὁ
461 1993 571 2073 ΑΒΓ,
595 1985 690 2066 ἐντὸς
714 1988 751 2056 δὲ
774 1986 881 2056 αύτού
904 2002 1044 2076 σημεῖον
1064 1989 1106 2058 τὸ

90 2102 134 2179 A,
156 2095 213 2161 καὶ
235 2093 301 2161 ἀπὸ
324 2096 388 2163 τού
402 2103 436 2161 A
458 2091 541 2182 πρὸς
562 2092 623 2162 τὸν
638 2100 741 2162 ΑΒΓ
759 2094 882 2163 ιύκλον
905 2098 1107 2184 προσπιπτέ-

87 2219 200 2268 τωσαν
223 2204 357 2281 πλείους
379 2196 400 2286 ἢ
424 2200 487 2268 δύο
513 2209 582 2267 ίσαι
605 2198 737 2268 εύθείαι
760 2203 797 2268 αἱ
814 2211 896 2289 AA,
916 2209 993 2287 ΔΒ,
1019 2184 1106 2270 AF·

87 2305 185 2391 λέγω,
200 2301 252 2371 ὅτι
269 2303 307 2371 τὸ
323 2313 356 2371 A
371 2307 668 2393 σημεῖονκέντρον
688 2307 757 2374 ἐστὶ
775 2311 836 2375 τοῦ
850 2314 955 2376 ΑΒΓ
964 2312 1104 2377 κύκλου.

35 2427 70 2476 20
151 2408 424 2497 Ἐπεζεύχθωσαν
446 2409 511 2498 γὰρ
536 2413 573 2477 αί
594 2419 670 2498 ΑΒ,
697 2417 763 2480 ΒΓ
781 2413 837 2480 καὶ
859 2411 1105 2500 τετμήσθωσαν

88 2521 166 2605 ὃίχα
187 2513 270 2583 κατὰ
294 2513 335 2581 τὰ
357 2522 398 2600 E,
422 2524 450 2583 Ζ
469 2530 599 2603 σημεῖα,
622 2517 678 2584 καὶ
702 2519 945 2606 ἐπιζευχθεῖσαι
968 2521 1005 2585 αί
1022 2527 1105 2607 EA,

89 2630 155 2690 ZA
179 2621 376 2710 διήχθωσαν
400 2622 453 2690 ἐπὶ
475 2620 516 2689 τὰ
540 2630 585 2708 Η,
608 2629 652 2708 Κ,
676 2631 714 2710 Θ,
739 2632 770 2691 Α
794 2638 921 2711 σημεῖα.

152 2726 242 2797 Ἐπεὶ
264 2720 327 2796 οὖν
352 2735 407 2814 ίση
432 2729 522 2796 ἐστὶν
536 2726 566 2814 ἡ
581 2716 650 2797 ΑΕ
661 2741 701 2819 τῇ
716 2738 791 2817 EB,
814 2758 912 2817 κοινη
932 2730 971 2799 δέ
984 2728 1005 2816 ἡ
1020 2739 1105 2821 EA,

88 2834 150 2902 δύο
180 2833 221 2921 δὴ
251 2837 289 2901 αί
309 2841 387 2919 ΑΒ,
420 2842 488 2902 EA
516 2834 579 2903 δύο
610 2849 682 2916 ταῖς
704 2844 783 2924 BE,
815 2844 883 2904 EA
907 2846 975 2904 ίσαι
999 2842 1106 2907 είσίν·

33 2956 67 3006 25
86 2941 142 3009 καὶ
162 2936 298 3026 βύσιςὴ
320 2949 389 3009 ΔΑ
404 2941 500 3027 βάσει
519 2946 557 3030 τῇ
582 2949 649 3009 ΔΒ
674 2951 745 3027 ίση·
768 2949 875 3028 γωνία
898 2941 964 3030 ἄρα
986 2940 1007 3028 ἡ
1033 2941 1104 3014 ὑπὸ

158 3143 184 3192 2.
203 3136 258 3191 τῶν
278 3134 310 3191 δὲ
329 3133 522 3192 αλλων-10.
542 3139 647 3205 δεῖξαι]
666 3137 714 3191 καί
734 3157 768 3191 τα
789 3133 898 3207 ἕξῆςμ.
955 3143 996 3193 13.
1016 3157 1105 3208 προσ-

85 3208 219 3298 πίπτωσι]
238 3209 444 3277 προσπίπτουσι
462 3208 521 3279 Vp.
617 3214 659 3262 14.
679 3203 797 3262 εύθειαι
816 3209 874 3262 ίσαι
893 3208 954 3263 BV.
1058 3216 1103 3265 18

86 3276 202 3335 ευθεαι
221 3278 385 3349 ίσαιΒλί
458 3284 500 3334 22.
522 3281 584 3347 ΖΔ]
603 3278 689 3347 ΡΒΒ,
707 3277 828 3344 Vm.2;
849 3280 1075 3347 AZp,..Vm1

85 3355 120 3421 Κ,
140 3355 176 3417 Η,
195 3355 227 3419 A,
248 3350 319 3404 ΘΡ.
414 3356 457 3404 24.
477 3350 642 3437 δυοίΒφρ.
717 3348 788 3404 είοίν
819 3350 912 3416 PFV;
918 3297 1063 3420 pelopr.

85 3394 128 3477 νύ.
147 3421 213 3491 καί]
232 3440 268 3475 m.
280 3420 347 3475 2V.
425 3415 548 3546 points*
529 3440 586 3488 αρα
604 3421 638 3475 V.
711 3421 769 3491 ἴση]
830 3424 859 3475 et
876 3423 976 3490 postea
993 3421 1105 3480 inserto

77 3486 195 3556 lulla·
218 3493 266 3558 ίση
284 3487 400 3558 ἐστίν,
441 3509 500 3545 στιν
520 3492 565 3561 ἴση
583 3492 639 3561 Bp.
