2356 3818
107 167 174 234 160
485 169 688 224 ενοιαεεοα
706 164 746 240 μ’.

168 307 225 379 Ἠν
244 310 311 400 ἄρα
332 325 404 392 τοῖς
426 309 623 398 ὀξυγωνίοις
645 309 822 399 τριγώνοις
839 307 877 378 τὸ
896 306 962 377 άπὸ
981 313 1040 396 τής
1057 308 1124 396 τήν

106 415 218 499 ὀξεῖαν
236 422 364 505 γωνίαν
382 415 626 505 ὑποτεινούσης
644 419 789 505 πλευράς
802 414 1015 504 τετράγωνον
1030 419 1124 483 ἔλατ-

104 523 166 592 τόν
185 527 255 592 ἐστι
273 528 342 594 τῶν
364 522 430 593 άπὸ
449 528 519 593 τῶν
536 522 599 612 τήν
618 521 729 605 ὀξείαν
747 527 876 609 γωνίαν
894 524 1124 610 περιεχουσῶν

104 633 260 718 πλευρῶν
282 629 503 718 τετραγώνων
517 634 572 719 τῳ
594 629 817 720 περιεχομένῳ
837 627 890 708 θὶς
907 624 975 696 ὐπό
992 653 1028 695 τε
1045 630 1125 714 μιᾶς

70 752 86 801 ο
105 739 174 805 ταῖν
197 735 272 825 περὶ
294 735 358 823 τήν
377 733 489 817 ὀξεῖαν
507 741 647 822 γωνίαν,
671 733 725 822 ἐφ’
746 731 791 823 ήν
809 732 987 822 ήκάθετος
1000 738 1123 819 πίπτει,

73 893 79 903 .
105 841 161 909 καί
184 845 243 929 τής
266 838 588 930 ἀπολαμβανομένης
606 841 702 922 ἐντὸς
720 839 787 910 ὐπὸ
806 845 864 929 τῆς
877 841 1024 908 καθέτου
1037 837 1125 928 πρὸς

105 951 145 1035 τή
170 944 261 1039 ὐξείῳ
282 953 408 1038 γωνίῳ·
433 947 513 1036 ὅπερ
537 953 605 1017 ἔδει
628 949 742 1030 δείξαι.

583 1141 645 1210 ιβ’.

178 1268 235 1354 Τῷ
264 1267 428 1334 δοθέντι
457 1263 724 1358 εὐθυγράμμῳ
756 1274 844 1333 ίσον
867 1262 1123 1351 τετράγωνον

56 1388 90 1438 10
110 1370 396 1458 συστήσασθαι.

165 1475 273 1545 Ἔστω
297 1477 335 1546 τὸ
360 1477 467 1547 δοθέν
491 1474 735 1566 εὐθύγραμμον
757 1477 796 1546 τὸ
815 1485 863 1544 A·
888 1481 942 1545 δεῖ
963 1474 1005 1563 δή
1025 1479 1072 1570 τῷ
1091 1485 1124 1544 Α

107 1581 336 1677 εὐθυγράμμῳ
361 1594 436 1653 ἴσον
459 1585 671 1671 τετράγωνον
695 1584 938 1671 συστήσασθαι.

174 1689 375 1759 Συνεστάτω
398 1689 463 1779 γὰρ
486 1694 532 1784 τῷ
556 1700 587 1758 Α
606 1686 835 1781 εὐθυγράμμῳ
860 1699 936 1758 ἴσον
957 1697 1120 1778 παραλλη-

106 1795 302 1895 λόγραμμον
326 1794 541 1884 ὀρθογώνιον
564 1796 601 1865 τὸ
621 1803 702 1864 ΒΛ·
728 1800 759 1863 εί
781 1794 841 1883 μέν
865 1788 929 1866 οὐν
953 1805 1008 1883 ἴση
1032 1793 1118 1863 έστὶν

55 1919 128 1990 16η
152 1910 219 1971 ΒΕ
244 1908 283 1993 τή
308 1910 389 1986 ΕΛ,
417 1900 558 1990 γεγονὸς
592 1898 635 1971 άν
663 1910 714 1989 είη
742 1899 779 1971 τὸ
809 1903 997 1990 ἐπιταχθέν.
1043 1919 1121 1986 συνῇ

107 2011 240 2078 έσταται
267 2009 330 2100 γὰρ
358 2014 404 2104 τῳ
428 2019 460 2078 A
487 2008 715 2100 εὐθυγράμμῳ
745 2017 821 2077 ίσον
851 2008 1062 2098 τετράγωνον
1085 2011 1122 2075 τὸ

107 2121 194 2181 ΒΛ·
218 2120 249 2183 εί
271 2116 309 2184 δὲ
332 2116 385 2203 οὐ,
409 2122 468 2203 μία
491 2122 559 2185 τῶν
582 2125 657 2205 ΒΕ,
682 2124 751 2185 ΕΔ
769 2122 888 2204 μείζων
911 2118 1011 2183 ἐστίν.
1038 2102 1122 2182 έστω

107 2225 226 2306 μείζων
250 2218 271 2307 ή
295 2229 374 2309 ΒΕ,
397 2222 452 2289 καί
476 2223 692 2310 ἐκβεβλήσθω
716 2224 769 2293 ἐπὶ
792 2221 830 2291 τὸ
856 2230 893 2308 Ζ,
916 2222 972 2289 καὶ
994 2225 1122 2289 κείσθω

106 2329 146 2414 τῇ
170 2333 239 2393 ΕΛ
267 2335 322 2413 ίση
351 2325 372 2414 ή
405 2334 479 2413 ΕΖ,
508 2330 564 2395 καὶ
591 2328 767 2413 τετμήσθω
794 2325 815 2413 ή
845 2334 907 2394 ΒΖ
936 2331 1012 2414 δίχα
1038 2324 1122 2394 κατὰ

54 2447 89 2496 20
107 2430 145 2500 τὸ
164 2438 209 2514 Η,
232 2432 288 2498 καὶ
311 2434 437 2521 κέντρῳ
460 2435 506 2521 τῳ
530 2437 576 2517 Η,
600 2431 798 2516 διαστήματι
821 2432 859 2498 δὲ
882 2432 934 2498 ἑνὶ
956 2436 1024 2500 τῶν
1043 2438 1124 2518 ΗΒ,

107 2544 173 2604 ΗΖ
196 2534 396 2623 ήμικύκλιον
422 2535 607 2624 γεγράφθω
634 2532 672 2601 τὸ
696 2540 805 2620 ΒΘΖ,
826 2535 882 2601 καὶ
906 2537 1123 2623 ἐκβεβλήσθω

108 2640 128 2730 ή
153 2650 222 2710 ΔΕ
244 2642 296 2711 έπί
319 2640 357 2709 τὸ
381 2649 419 2726 Θ,
442 2640 498 2707 καί
523 2638 710 2728 έπεζεύγθω
734 2638 755 2729 ή
782 2645 858 2708 ΗΘ.

171 2749 259 2817 Ἐπεὶ
283 2740 347 2816 οὐν
370 2745 487 2816 εὐθεῖα
510 2749 533 2835 ή
553 2755 615 2815 ΒΖ
633 2747 787 2835 τέτμηται
811 2751 857 2826 είς
880 2744 941 2833 μὲν
963 2753 1019 2812 ίσα
1037 2747 1124 2816 κατὰ

181 2952 204 2998 1.
224 2938 268 3013 ἐν]
287 2942 361 2998 inter
379 2961 392 2997 ε
413 2944 442 2997 et
460 2963 476 2997 ν
495 2960 549 3000 ras.
571 2949 585 2997 1
605 2943 660 2998 litt.
681 2943 714 2998 V.
804 2949 830 2999 2.
851 2940 968 2998 ἔλασσον
987 2940 1018 2994 F.
1098 2948 1124 2997 3.

108 3009 185 3069 ἐστίν
203 3013 238 3067 V·
319 3020 344 3069 4.
364 3013 407 3084 τε]
428 3030 481 3068 om.
501 3015 531 3069 F.
613 3021 637 3069 6.
659 3009 750 3086 ἐντός]
771 3031 825 3069 om.
844 3015 876 3069 P.
956 3018 997 3068 11.
1016 3007 1049 3066 τὸ
1069 3010 1124 3083 μὲν

108 3083 198 3140 δοθέν
216 3103 244 3154 p.
320 3092 361 3140 13.
380 3081 448 3210 γάρῳ)
466 3102 520 3140 om.
538 3104 566 3156 p.
641 3090 682 3139 14.
702 3084 768 3155 ΒΔ]
789 3087 898 3139 ΒΓΔΕ
916 3103 947 3154 ρ;
967 3083 996 3136 in
1014 3098 1068 3136 ras,
1088 3082 1123 3138 V.

147 3160 187 3210 15.
217 3153 397 3227 συνέσταται]
454 3156 518 3222 BF,
548 3158 626 3211 Vm.
651 3162 681 3221 23
714 3151 873 3209 συνεστάτω
898 3155 978 3209 Vm.
996 3159 1023 3220 1;
1056 3169 1122 3208 συν·

108 3229 220 3281 έσταται
238 3247 265 3297 p.
350 3233 390 3283 17.
411 3223 458 3299 οὐ]
476 3229 580 3314 postea
598 3225 662 3281 add
681 3226 712 3280 F.
802 3226 872 3280 Post
890 3227 940 3296 μία
962 3232 975 3279 1
995 3223 1051 3278 litt.
1072 3228 1111 3294 (ιθ

108 3314 177 3353 oras.
197 3297 226 3355 F.
302 3303 343 3352 18.
363 3293 556 3370 εἰιβεβλησθαι
575 3318 604 3367 ῳ.
662 3301 702 3351 19.
723 3296 788 3366 ΕΖ]
810 3299 861 3349 ΖΕ
880 3295 938 3350 BF.
993 3301 1035 3350 20.
1055 3297 1108 3349 καί

107 3371 207 3437 postea
230 3369 293 3423 add.
317 3369 347 3425 Β.
440 3366 559 3442 κέντρῳ]
584 3367 649 3433 ΡΒ,
668 3366 690 3419 F
709 3385 746 3422 m.
764 3373 791 3434 1;
820 3365 927 3438 κέντρῳ
947 3363 999 3436 μέν
1018 3367 1081 3435 Vp,
1101 3367 1122 3420 F

107 3445 184 3494 m.
275 3441 343 3510 ΗΒ]
363 3439 496 3493 ΒΗΒΙι.
605 3445 647 3493 τε.
667 3428 731 3508 οὖν]
752 3453 805 3493 om.
824 3437 854 3492 1.
875 3436 937 3505 Seq.
957 3453 1011 3491 ras.
1032 3443 1045 3489 1
1066 3437 1123 3492 litt.

107 3507 134 3562 V.
209 3510 275 3580 ΒΖ]
292 3509 322 3563 in
341 3527 396 3565 τοι.
417 3509 450 3565 V.
524 3508 578 3583 είς]
597 3529 623 3573 -ς
642 3525 727 3579 supra
744 3513 807 3564 m.1
829 3508 861 3564 V.
