2356 3818
84 159 106 222 4
462 163 663 216 ΣΤΟΙΧΕΙΩΝ
682 159 722 218 α’.

84 304 158 387 εξῆς
185 306 308 388 γωνίας
336 309 410 382 ῖσας
436 299 596 388 ἀλλήλαις
623 314 718 392 ποιῇ,
752 302 840 392 ὀρθὴ
869 305 1006 392 ἑκατέρα
1028 312 1097 376 τῶν

84 417 169 476 ἐσων
192 413 326 495 γωνιῶν
350 411 434 494 ἐστι,
466 410 522 476 καὶ
536 406 566 495 ἡ
591 411 791 497 ἐφεστηκυῖα
814 409 932 480 εὐθεῖα
953 411 1098 495 κάθετος

83 514 251 601 καλεῖται,
266 511 319 602 ἐφ’
336 511 380 602 ἣν
404 515 593 601 ἐφέστηκεν.

151 620 213 688 ια’.
247 620 401 708 Ἀμβλεῖα
424 630 532 709 γωνία
555 624 646 691 ἐστὶν
669 621 689 709 ἡ
714 629 833 711 μείζων
856 622 971 714 ὀρθῆς.

50 740 66 789 5
152 726 213 812 ιβ’.
247 725 350 810 Ὀξεῖα
374 729 412 796 δὲ
435 726 455 814 ἡ
480 729 632 798 ἐλάσσων
656 728 773 817 ὀρθῆς.

152 833 213 918 ιγ’.
241 831 339 920 Ὀρος
362 837 464 921 ἐστίν,
489 833 508 903 ὅ
531 835 623 915 τινός
646 833 715 904 ἐστι
737 837 847 925 πέρας.

152 938 212 1007 ιδ’.
256 941 376 1042 Σγῆμά
412 943 481 1010 ἐστι
517 940 555 1010 τὸ
591 940 657 1010 ὑπό
691 968 782 1022 τινος
816 941 838 1030 η’
872 969 975 1010 τινων
1006 940 1096 1030 ὅρων

84 1043 330 1133 περιεχόμενον.
1037 1110 1040 1116 .

152 1151 208 1218 ιε’.
249 1149 384 1231 Κύκλος
407 1153 474 1220 ἐστὶ
499 1159 609 1242 σχῆμα
632 1157 790 1223 ἐπίπεδον
815 1152 881 1223 ὑπὸ
899 1161 977 1244 μιᾶς
994 1184 1097 1244 γραμ-

33 1270 67 1321 10
84 1261 149 1346 μῆῖ
179 1256 416 1345 περιεχόμενον
450 1256 484 1347 [ἢ
512 1268 659 1329 καλεῖται
686 1263 911 1350 περιφέρεια],
943 1260 1027 1352 πρὸς
1053 1259 1097 1353 ἣν

85 1361 145 1451 ἀφ’
171 1362 248 1444 ε’νὸς
275 1369 415 1451 σημείου
442 1369 510 1434 τῶν
538 1364 631 1464 ἐντὸς
657 1372 719 1437 τοῦ
747 1366 912 1456 σχήματος
934 1370 1097 1456 κειμένων

85 1474 189 1539 πᾶσαι
218 1473 255 1537 αί
282 1479 551 1558 προσπίπτουσαι
580 1471 711 1542 εὐθεῖαι
743 1472 840 1563 [πρὸς
867 1472 928 1561 τὴν
955 1479 1017 1543 τοῦ
1039 1475 1097 1544 κύ-

85 1585 168 1647 κλου
190 1579 417 1664 περιφέρειαν]
444 1586 513 1647 ίσαι
536 1576 695 1666 ἀλλήλαις
717 1584 812 1650 εἰσίν.

153 1683 212 1756 ις’.
249 1685 402 1773 Κέντρον
417 1685 465 1753 ’δέ
488 1689 550 1753 τοῦ
572 1685 700 1754 κύκλου
721 1684 759 1755 τὸ
784 1699 923 1773 σημεῖον
941 1693 1097 1755 καλεῖται.

33 1802 66 1853 15
153 1791 207 1872 ιζ’.
244 1788 434 1879 Διάμετρος
466 1790 503 1858 δὲ
534 1796 595 1859 τοῦ
625 1791 750 1860 κύκλου
780 1792 870 1860 ἐστὶν
900 1789 1021 1859 εὐθεῖά
1048 1817 1097 1871 τις

84 2001 124 2070 τά
153 2004 235 2092 μέρη
263 2001 330 2072 ὑπὸ
358 2008 417 2091 τῆς
443 2007 505 2072 τοῦ
533 2003 658 2074 κύκλου
685 2011 911 2093 περιφερείας,
944 2001 1015 2091 ἥτις
1041 2004 1097 2072 καὶ

85 2114 163 2197 δίχα
184 2110 295 2197 τέμνει
318 2108 378 2178 τὸν
400 2110 535 2179 κύκλον.

152 2214 214 2302 ιη’.
247 2212 464 2302 Ἡμικύκλιον
497 2217 537 2283 δέ
563 2218 631 2284 ἐστι
658 2215 696 2285 τὸ
724 2217 961 2304 περιεχόμενον
989 2219 1098 2300 σχῆμα

32 2335 66 2384 20
85 2319 151 2389 ὑπό
179 2346 214 2389 τε
241 2325 300 2408 τῆς
328 2323 509 2409 διαμέτρου
536 2322 592 2387 καὶ
615 2325 673 2407 τῆς
695 2319 1016 2407 ἀπολαμβανομένης
1038 2315 1095 2386 ὑπ’

159 2594 199 2642 11.
218 2588 293 2643 Hero
312 2587 368 2641 def.
382 2593 425 2640 21.
450 2584 614 2640 Ammonius
632 2584 662 2638 in
677 2585 766 2653 eateg.
781 2602 809 2653 p.
824 2587 866 2640 58.
891 2582 999 2637 Psellus
1017 2602 1044 2654 p.
1055 2590 1098 2641 36.
1139 2607 1142 2613 ·

85 2658 240 2714 Martianus
258 2656 373 2728 Capella
386 2657 434 2724 VI,
446 2663 505 2712 710.
524 2655 639 2710 Boetius
657 2673 684 2724 p.
700 2659 815 2722 374,18.
888 2658 930 2709 12,
949 2653 1024 2708 Horo
1044 2653 1098 2709 def.

86 2736 129 2785 20.
148 2729 312 2784 Ammonius
329 2729 349 2784 1.
365 2743 387 2782 ο.
406 2727 516 2782 Psellus
534 2726 554 2780 l.
570 2743 593 2780 o.
613 2724 768 2779 Maitianus
783 2724 963 2794 capellata.
984 2725 1099 2781 Boetius

87 2818 114 2870 p.
130 2806 244 2870 374,19.
355 2805 396 2853 13.
420 2796 595 2866 Philoponus
617 2796 648 2850 in
665 2795 780 2851 Axistot.
805 2796 840 2850 do
863 2795 957 2850 anima
975 2795 1023 2851 fol.
1042 2802 1099 2851 a2.

85 2870 241 2926 Martianus
261 2870 301 2926 Ca
321 2870 378 2924 olla
392 2868 439 2936 VI,
450 2872 509 2922 710.
529 2865 643 2921 Boetius
661 2884 688 2936 p.
704 2871 816 2933 374,22.
890 2873 931 2922 14.
950 2867 1024 2922 Horo
1044 2866 1099 2922 dof.

87 2946 129 2996 25.
150 2941 242 2996 Sohol.
261 2941 292 2994 in
336 2955 440 3008 ormog.
459 2935 649 3006 v11²p.oos.
678 2937 727 2993 oft.
746 2936 855 3007 Philop.
875 2937 912 2992 ad
929 2936 1044 2992 Aristot.
1065 2937 1100 2992 da

87 3012 217 3068 anim-h.
234 3018 257 3066 ἵ.
289 3010 444 3065 Martianus
464 3006 580 3077 Capella
593 3007 640 3074 VI,
652 3015 712 3064 710.
740 3007 853 3063 Boetius
870 3027 897 3078 p.
913 3015 973 3072 374,
984 3014 1027 3062 21.

87 3088 130 3139 15.
149 3082 223 3136 Hero
242 3080 297 3137 def.
312 3087 355 3136 29.
375 3081 484 3134 Taurus
503 3078 579 3148 apud
596 3078 707 3149 Philop.
727 3077 757 3133 in
775 3079 905 3134 Proolum
914 3078 962 3146 VI,
972 3086 1014 3133 21.
1035 3078 1100 3132 Sax-

86 3155 133 3209 tus
151 3153 232 3222 Emp.
251 3170 279 3221 p.
295 3156 408 3219 719,16.
432 3148 582 3219 Philopon.
600 3149 630 3203 in
648 3150 721 3205 anal.
742 3150 768 3204 11
787 3151 834 3205 fol.
850 3154 907 3218 28¹,
928 3150 977 3204 cfr.
996 3149 1043 3205 sol.
1058 3155 1101 3217 4',

88 3229 128 3293 tv,
148 3229 203 3292 291,
222 3228 276 3277 531.
302 3221 408 3276 Psellus
426 3240 453 3290 p.
469 3225 512 3275 38.
539 3219 695 3275 Martianus
715 3220 831 3291 Capella
843 3221 891 3289 VI,
903 3226 961 3275 710.
984 3218 1101 3274 Boetius

29 3304 34 3314 “
86 3312 114 3420 g
130 3299 192 3363 375,
201 3299 226 3347 3.
301 3299 342 3347 16.
361 3291 468 3348 Psollus
487 3310 515 3361 p.
531 3296 573 3347 38.
594 3291 748 3347 Martianus
767 3291 883 3362 Capella
896 3290 1012 3359 visu.
1032 3290 1102 3345 Βοε-

102 3362 144 3420 ὀε
183 3369 266 3432 .3'15‚
276 3371 301 3419 6.
409 3369 452 3419 17.
472 3362 546 3417 Hero
566 3362 619 3418 dos.
636 3369 677 3417 30.
706 3362 814 3418 Psellus
832 3381 859 3433 p.
875 3366 917 3417 38.
944 3359 1102 3417 Martianus

87 3382 204 3506 Oapofla
221 3433 267 3501 VI,
280 3440 339 3491 711.
368 3434 484 3492 Boetius
503 3453 530 3505 p.
547 3439 608 3503 375,
620 3440 643 3490 7.
724 3439 764 3488 18.
783 3434 858 3487 Hero
878 3433 931 3488 ἀοῖ.
947 3437 989 3486 31.
1017 3430 1102 3486 Mart.

80 3502 199 3571 θεμείλια
218 3505 332 3575 V1,711.
361 3505 479 3564 Boetius
496 3525 525 3578 p.
541 3511 656 3576 375,12.
