2356 3818
393 159 670 212 ELEMENTORUM
688 161 797 211 LIBER
816 162 837 213 1.
1084 160 1126 225 19

109 302 269 366 cuerimus
294 305 327 366 et
348 305 506 386 punctum
520 307 552 366 A
574 302 609 366 in
625 307 658 365 A
677 306 798 384 puncto
822 304 1037 388 posuerimus,
1058 325 1126 370 rec-

108 412 179 472 tem
211 412 319 473 eutem
342 411 408 472 AB
440 407 475 472 in
500 412 583 486 An,
610 407 709 473 etiam
732 411 760 472 Β
784 413 940 492 punctum
963 409 997 473 in
1023 415 1055 475 Β
1075 433 1126 477 ce-

110 514 178 597 det,
206 514 283 598 quie
305 518 370 579 AB
386 544 428 567 =
445 519 478 577 A
483 518 521 578 E.
567 513 729 598 adplicata
750 514 817 580 iam
839 519 905 580 AB
927 519 1034 581 rectae
1058 521 1128 582 ΔΕ

109 620 207 685 etiem
231 623 301 685 ΑΓ
325 624 414 685 recta
441 641 515 684 curn
540 623 605 683 ΔΖ
635 623 804 703 congruet,
836 620 910 704 quic
933 624 1125 697 LBAF=

110 730 220 791 EAZ.
262 747 360 810 quere
384 726 483 789 etium
505 728 662 808 punctum
686 728 718 789 Γ
736 726 771 789 in
794 729 822 789 Z
843 729 999 810 punctum
1024 729 1127 816 cedet,

110 834 187 916 quie
214 853 326 896 rursus
355 833 477 894 Ar=
493 834 568 896 AZ.
614 851 728 893 uerum
756 830 855 894 etiam
882 835 910 896 Β
934 832 970 895 in
993 837 1025 896 Β
1046 835 1126 900 ceci·

110 937 217 1020 derat3
241 956 339 1020 quare
363 935 449 1000 basis
473 939 539 1001 ΒΓ
557 936 593 1000 in
616 935 720 1000 basim
736 939 798 999 ΕΖ
813 936 915 1001 cadet.
938 959 1027 1022 nam,
1052 960 1126 1005 cum

111 1047 140 1105 Β
164 1043 199 1105 in
222 1046 264 1126 E,
287 1045 319 1106 Γ
337 1063 414 1106 uero
437 1042 472 1105 in
495 1047 522 1106 Z
545 1041 704 1125 ceciderit,
728 1041 756 1106 si
778 1043 827 1107 ita
850 1043 939 1108 basis
962 1047 1032 1108 ΒΓ
1052 1067 1124 1111 cum

111 1152 173 1213 ΒΖ
196 1169 263 1213 non
291 1151 461 1232 congruet,
491 1147 573 1213 duae
600 1151 709 1213 rectae
742 1148 884 1231 spatium
915 1150 1123 1234 comprehen-

108 1254 199 1338 dent3
222 1254 308 1338 quod
331 1253 399 1318 fieri
422 1275 488 1319 non
511 1257 621 1339 potest
653 1256 694 1334 [κ.
718 1246 785 1318 inv.
809 1256 854 1337 9].
900 1256 1010 1340 itaque
1034 1258 1123 1323 basis

108 1363 175 1426 ΒΓ
194 1383 267 1425 cum
290 1364 354 1424 EZ
377 1363 533 1445 congruet
555 1364 589 1423 et
611 1360 755 1443 aequalis
780 1361 809 1425 ei
833 1361 894 1425 erit
918 1364 959 1442 [κ.
983 1364 1052 1428 lov.
1079 1365 1123 1445 7].

109 1489 208 1552 quere
232 1466 331 1531 etiam
354 1470 442 1531 totus
462 1465 647 1550 triangulus
662 1469 766 1530 ΑΒΓ
776 1489 849 1532 cum
867 1470 938 1532 toto
953 1469 1123 1554 triangulo

110 1577 211 1637 ΔΕΖ
239 1575 397 1657 congruet
425 1574 458 1636 et
487 1571 517 1635 ei
540 1571 684 1654 aequalis
708 1572 782 1655 erit,
814 1576 847 1637 et
869 1573 985 1656 reliqui
1009 1575 1123 1659 anguli

109 1700 182 1743 cum
205 1678 338 1762 reliquis
362 1679 542 1763 congruent
565 1680 599 1741 et
622 1677 772 1761 aequales
796 1678 837 1742 iis
860 1683 965 1763 erunt,
989 1683 1128 1754 [ΑΒΓ

108 1815 151 1837 =
168 1788 269 1847 ΑΒΖ
293 1787 325 1848 et
348 1787 482 1860 [ΑΓΒ
497 1813 539 1836 =
556 1786 665 1847 AZE.
769 1843 772 1848 .

154 1943 243 2025 Ergo
272 1941 300 2005 si
328 1942 390 2006 duo
418 1941 576 2026 trianguli
602 1941 792 2005 duo'letere
815 1941 940 2007 duobus
964 1941 1122 2007 lateribus

110 2047 250 2110 alterum
278 2046 371 2110 alteri
395 2046 543 2129 aequalia
570 2046 694 2112 habent
721 2049 754 2109 et
781 2046 918 2129 angulos
949 2048 1047 2112 rectis
1072 2070 1122 2112 ae-

111 2151 261 2237 qualibus
285 2150 532 2237 comprehensos
557 2153 715 2237 aequaleq
738 2151 836 2217 etiam
855 2152 959 2218 basim
979 2154 1051 2219 bosi
1070 2177 1121 2220 ae·

109 2257 238 2344 qualem
253 2256 428 2339 habebunt,
448 2260 480 2320 et
497 2257 680 2343 triangulus
699 2258 863 2344 triangulo
883 2260 1029 2343 aequalis
1050 2261 1120 2345 erit,

109 2368 142 2428 et
165 2363 281 2447 reliqui
305 2362 416 2448 anguli
440 2364 571 2448 reliquis
595 2365 747 2449 aequales
771 2366 854 2430 alter
878 2366 981 2448 alteri,
1010 2367 1035 2430 ii
1059 2368 1120 2431 soi-

108 2471 190 2552 lioet,
209 2470 268 2534 sub
287 2469 404 2553 quibus
420 2471 568 2554 aequalia
585 2461 691 2536 latera
709 2472 921 2558 subtendunt3
947 2473 1120 2555 quoderat

108 2576 405 2641 demonstrandum.

105 2785 179 2856 ταῖς]
209 2801 263 2841 om.
292 2785 368 2856 Pop.
466 2786 533 2839 δυσί
552 2783 590 2850 V;
616 2785 647 2838 in
669 2804 688 2856 p
712 2782 764 2840 ooo
788 2790 921 2855 πλευραῖς
940 2787 1035 2842 delete
1055 2793 1119 2842 sunt

106 2875 142 2910 m.
160 2863 182 2910 1.
256 2861 298 2910 22.
319 2854 376 2921 ἕξει
395 2857 457 2924 ἴσην
476 2852 534 2909 ΒΓ.
613 2861 655 2910 25.
675 2851 741 2926 ὑφ’]
762 2873 831 2912 corr.
851 2857 880 2910 in
901 2851 949 2926 ἐφ’
971 2865 1035 2912 m.1
1054 2858 1081 2912 b.

105 2923 161 2996 ὑφ’
182 2920 216 2989 ἃς
231 2959 263 2966 -
279 2921 489 2996 ὑποτείνουσιν]
508 2943 564 2995 mg.
583 2944 619 2979 m.
638 2933 651 2978 1
671 2925 702 2981 P.
