2356 3818
103 123 145 186 16
480 127 681 179 ΣΤΟΙΧΕΙΩΝ
699 120 738 179 α’.

169 266 239 333 Καὶ
269 265 339 332 ἐπεὶ
368 264 405 335 τὸ
432 275 464 333 Α
493 279 632 352 σημεῖον
661 270 801 354 κέντρον
831 267 899 336 ἐστὶ
927 270 988 336 τοῦ
1013 274 1117 336 ΔΕΖ

101 369 243 458 κύκλου,
277 381 332 460 ἴση
357 374 448 442 ἐστὶν
476 370 589 460 ἡΑΕ
608 377 648 461 τῇ
672 382 760 441 ΑΛ·
792 372 878 442 άλίά
900 374 957 441 καὶ
979 370 1000 459 ἡ
1024 379 1058 441 Γ
1075 378 1116 462 τῇ

101 486 173 544 ΑΛ
196 481 287 547 ἐστιν
311 486 376 566 ίση.
407 479 543 567 ἑκατέρα
566 477 632 567 άρα
654 483 723 547 τιόν
738 487 814 565 ΑΒ,
830 485 864 547 Γ
875 482 916 568 τῇ
931 487 1002 547 ΑΔ
1025 481 1117 547 ἐστιν

103 590 176 670 ἴση·
201 583 365 653 ὥστεκαὶ
389 583 410 672 ἡ
434 589 817 673 ΑΕτῇΓίστινίση.

67 702 83 751 5
170 688 246 758 Δύο
275 689 341 779 άρα
369 695 539 761 δοθεισῶν
567 687 712 760 εὐθειῶν
740 689 868 760 ἀνίσων
891 695 960 760 τῶν
983 700 1065 778 ΑΒ,
1089 699 1122 761 Γ

101 793 168 864 άπὸ
192 799 250 883 τῆς
273 802 424 884 μείζονος
445 801 504 884 τῆς
518 805 583 865 ΑΒ
601 801 641 886 τῇ
666 786 822 865 ἐλάσσονι
845 800 885 885 τῇ
899 803 931 865 Γ
950 807 1006 884 ίση
1030 795 1117 887 άφῄ-

102 927 199 988 ριγται
222 898 243 988 ἡ
268 910 352 970 ΑΒ·
377 900 458 991 ὅπερ
483 906 550 970 ἔδει
572 907 719 989 ποιῆσαι.

587 1095 631 1163 δ’.

146 1216 235 1287 Ἐάν
251 1217 323 1288 δύο
341 1226 517 1309 τρίγωνα
535 1219 602 1300 τάς
621 1219 691 1291 &vso
712 1219 883 1310 πλευράς
897 1226 1009 1305 [ταῖς]
1025 1223 1118 1290 δυσὶ

52 1338 86 1386 10
104 1334 294 1409 πλευραῖς
328 1334 417 1406 ίσας
454 1331 519 1415 ἒχγγ
556 1326 746 1416 ἑκατέραν
770 1328 932 1417 ἑκατέρα
958 1327 1024 1394 καὶ
1046 1325 1118 1413 τὴν

103 1436 256 1518 γωνίαν
283 1436 327 1520 τῇ
351 1438 481 1522 γωνία
504 1441 595 1518 ίσην
618 1437 684 1520 ἔχῃ
716 1430 786 1518 τὴν
815 1429 890 1501 ὑπὸ
914 1436 991 1500 τιόν
1015 1442 1116 1502 ῖσων

104 1536 277 1606 εὐθειῶν
300 1539 600 1627 περιεχομένην,
623 1539 688 1605 καὶ
711 1537 781 1625 τὴν
804 1538 921 1625 βάσιν
939 1544 983 1627 τῇ
1003 1539 1119 1626 βάσει

104 1651 195 1730 ίσην
223 1646 317 1730 ἕξει,
351 1645 415 1712 καὶ
442 1643 486 1712 τὸ
514 1650 712 1732 τρίγωνον
739 1650 789 1737 τῷ
817 1645 995 1737 τριγώνῳ
1025 1653 1118 1713 ίσον

104 1754 229 1836 ἔσται,
257 1752 322 1819 καὶ
350 1755 392 1817 αἱ
417 1751 555 1819 λοιπαὶ
582 1756 726 1838 γωνίαι
753 1765 838 1831 ταῖς
865 1758 1022 1831 λοιπαῖς
1043 1778 1118 1837 γω-

52 1867 85 1918 15
104 1860 210 1935 νίαις
234 1864 317 1924 ίσαι
340 1861 501 1925 ἔσονται
529 1858 693 1943 ἑκατέρα
716 1857 898 1947 ἑκατέρα,
929 1855 993 1945 ὑφ’
1015 1854 1059 1937 ἃς
1078 1861 1121 1925 αί

105 1971 187 2030 ῖσαι
211 1965 378 2050 πλευραὶ
401 1961 694 2032 ὑποτείνουσιν.

162 2066 271 2136 Ἔστω
296 2069 359 2138 δύο
384 2076 532 2158 τρίγωνα
554 2068 595 2137 τά
610 2075 720 2156 ΑΒΓ,
744 2078 844 2139 ΔΕΖ
866 2068 926 2151 τάς
943 2070 1007 2138 δύο
1021 2079 1117 2139 πίεν-

105 2171 167 2261 ρὰς
188 2171 248 2253 τὰς
275 2182 351 2260 ΑΒ,
370 2181 439 2241 ΑΓ
466 2188 538 2255 ταῖς
565 2176 642 2243 δυσὶ
670 2183 827 2265 πλευραῖς
854 2190 925 2255 ταῖς
952 2183 1031 2259 ΑΒ,
1051 2185 1119 2243 ΔΖ

106 2287 180 2359 ίσας
212 2285 331 2366 ἔχοντα
359 2282 517 2368 ἑκατέραν
549 2282 685 2372 ἑκατέρᾳ
713 2281 776 2368 τὴν
799 2281 860 2367 μὲν
884 2287 947 2347 ΑΒ
979 2284 1019 2368 τῇ
1049 2290 1121 2350 ΛΕ

53 2402 88 2452 20
106 2382 169 2470 τὴν
193 2383 231 2452 δὲ
254 2391 323 2452 ΑΓ
341 2389 380 2474 τῇ
401 2394 466 2453 ΔΖ
494 2388 548 2454 καὶ
577 2393 705 2474 γωνίαν
723 2387 786 2474 τὴν
803 2384 870 2454 ὑπὸ
889 2393 993 2454 ΒΑΓ
1010 2393 1119 2478 γωνίᾳ

105 2494 144 2577 τῇ
168 2487 234 2558 ὑπὸ
260 2498 361 2559 ΕΔΖ
385 2500 471 2577 ίσην.
498 2493 595 2580 λέγω,
619 2491 670 2561 ὅτι
693 2494 749 2561 καὶ
771 2493 870 2580 βάσις
892 2489 912 2579 ἡ
937 2499 1003 2561 ΒΓ
1022 2491 1119 2578 βάσει

64 2670 77 2694 ⁰
105 2600 144 2683 τῇ
173 2603 236 2663 ΕΖ
265 2606 319 2684 ίση
349 2601 450 2683 ἐστίν,
483 2599 538 2666 καὶ
565 2597 603 2667 τὸ
628 2605 731 2666 ΑΒΓ
754 2606 921 2688 τρίγωνον
947 2602 993 2690 τῷ
1018 2605 1120 2665 ΔΕΖ

53 2733 54 2737 ’
105 2701 257 2795 τριγώνῳ
288 2712 363 2771 ίσον
391 2709 499 2791 ἔσται,
531 2706 586 2772 καὶ
615 2709 654 2771 αιρ
678 2706 791 2773 λοιπαὶ
814 2711 934 2791 γωνίαι
957 2717 1029 2783 ταῖς
1051 2710 1120 2772 λοι-

106 2822 183 2888 παῖς
214 2815 353 2893 γωνίαις
385 2819 455 2878 ῖσαι
479 2815 612 2878 ἔσονται
649 2811 787 2899 ἑκατέρα
809 2807 962 2900 ἑκατέρα,
992 2805 1053 2894 ὑφ’
1080 2805 1120 2889 ἃς

54 2932 88 2983 25
107 2918 144 2981 αἱ
175 2924 243 2982 ίσαι
276 2917 415 3003 πλευραὶ
443 2914 688 3001 ὑποτείνουσιν,
721 2912 742 3003 ἡ
771 2915 833 3003 μὲν
863 2914 928 2984 ὑπὸ
953 2920 1056 2983 ΑΒΓ
1078 2918 1119 3002 τῇ

106 3018 171 3089 ὑπὸ
197 3030 313 3108 ΑΕΖ,
337 3020 357 3109 ἡ
383 3022 420 3090 οι
443 3020 509 3091 ὑπὸ
534 3029 631 3090 ΑΓΒ
654 3026 694 3110 τῇ
717 3019 784 3090 ὑπὸ
809 3029 919 3089 ΔΖΕ.

170 3123 462 3214 Ἐφαρμοζομένου
492 3126 557 3217 γάρ
587 3133 647 3195 τοῦ
670 3135 774 3195 ΑΒΓ
799 3126 967 3217 τριγάνον
997 3128 1050 3196 ἐπὶ
1080 3126 1119 3195 τὸ

180 3305 227 3359 IV.
247 3303 339 3358 Schol.
358 3304 388 3357 in
405 3303 533 3373 Pappum
550 3303 590 3358 III
608 3323 634 3374 p.
650 3310 728 3374 1183,
739 3311 782 3359 32.
811 3304 925 3360 Boetius
943 3324 970 3375 p.
987 3311 1047 3372 380,
1059 3311 1083 3361 7.

107 3414 320 3422 —-.......-—.-.

77 3459 81 3466 '
181 3468 257 3516 1-7.
277 3462 381 3517 Multas
401 3462 456 3517 1111.
477 3463 523 3534 fig.
543 3464 573 3518 in
590 3481 643 3519 ras.
662 3463 684 3516 P
702 3481 813 3532 meo,
832 3467 864 3519 οῖ
882 3481 973 3535 supra.
1047 3458 1120 3536 4³²1]
