2356 3818
353 158 629 211 mauruncium
646 160 755 212 uranu
773 161 819 214 rv.
1035 153 1100 222 283

152 301 242 388 prius
272 303 374 388 igitur
405 303 492 369 intra
524 307 718 368 concurrant
745 303 779 368 in
810 307 849 387 Z,
882 305 915 367 et
942 301 1100 367 ducantur

85 413 160 493 ZB,
194 411 269 494 ZF,
301 415 376 476 ZA.
420 413 453 474 at
480 409 633 496 quoniam
660 415 731 474 ΑΛ
745 440 788 464 ==
803 414 883 493 ΛΒ,
918 409 1096 475 communis

88 519 198 582 autem
222 520 256 580 et
277 514 552 600 perpendicularis
576 521 610 579 A
615 520 657 598 Z,
685 518 747 581 erit
769 520 836 581 ΑΖ
850 546 893 570 --
909 520 969 580 ΖΒ
994 514 1033 598 [1,
1055 514 1134 596 41.-

86 622 238 687 similiter
252 621 555 700 demonstrabimus,
570 642 639 686 esse
655 623 756 687 etiam
771 624 832 687 ΓΖ
904 628 936 687 A
941 627 982 708 Ζ,
1000 642 1099 706 quare

85 729 184 793 etiam
205 732 266 793 ΖΒ
281 759 323 781 ==
339 730 409 792 ΖΓ.
435 748 513 812 ergo
536 731 604 793 tres
622 733 731 794 rectae
750 733 822 811 ZA,
846 734 916 814 ZB,
940 731 1006 794 ΖΓ
1014 729 1099 794 inter

88 857 123 899 se
147 836 298 920 aequales
321 837 406 899 sunt.
451 833 562 918 itaque
585 834 641 918 qui
663 837 774 901 centro
799 838 827 899 Z
850 839 883 900 et
905 835 997 900 radio
1020 856 1098 918 qua-

85 941 167 1006 libet
184 945 346 1006 rectarum
365 944 438 1022 ZA,
453 943 523 1023 ZB,
542 941 607 1003 ΖΓ
621 939 812 1005 describitur
829 941 976 1024 circulus,
999 941 1097 1006 etiam

84 1046 293 1130 perreliqua
318 1048 440 1130 puncta
467 1043 577 1109 ueniet
604 1047 636 1108 et
659 1044 721 1109 erit
743 1045 865 1111 circum
896 1047 1097 1132 triangulum

85 1153 189 1216 ΑΒΓ
207 1152 477 1235 circumscriptus.
500 1150 784 1216 circumscribatur
805 1156 842 1217 ut
864 1156 972 1219 ΑΒΓ.

183 1291 221 1348 Α

207 1361 315 1704 a
473 1322 680 1735 ’ὅ

126 1821 191 1885 iam
214 1844 292 1888 uero
322 1828 355 1888 A
361 1828 403 1909 Z,
433 1829 497 1890 ΕΖ
519 1826 554 1890 iu
577 1828 666 1891 recta
694 1828 761 1889 ΒΓ
783 1826 977 1889 concurrant
1000 1823 1033 1887 in
1058 1828 1096 1907 Z,

82 1927 166 1992 sicut
188 1928 311 2023 factum
336 1933 386 1995 est
408 1932 443 1996 in
465 1932 572 2017 figura
595 1932 707 2014 altera,
730 1935 763 1995 et
787 1929 922 1994 ducatur
935 1933 1008 1994 ΑΖ.
1052 1930 1095 1995 si-
1136 1950 1140 1955 ·

81 2033 201 2098 militer
225 2034 527 2122 demonstrabimus,
549 2041 705 2123 punctum
730 2039 757 2098 Z
777 2039 925 2101 centrum
947 2056 1018 2100 esse
1036 2036 1097 2102 oir-

80 2138 144 2203 ouli
167 2140 288 2205 circum
311 2141 511 2228 triangulum
534 2146 638 2208 ΑΒΓ
657 2137 933 2228 circumscripti.¹)

125 2245 192 2310 iam
216 2269 293 2313 uero
317 2253 398 2335 ΑΖ,
421 2254 484 2315 ΒΖ
510 2250 597 2314 ultra
619 2248 821 2333 triangulum
844 2250 949 2313 ΑΒΓ
966 2270 1096 2315 concur·

79 2349 188 2435 rant²)
212 2352 247 2417 in
270 2357 311 2438 Z,
341 2354 426 2420 sicut
448 2356 572 2420 iactum
595 2355 703 2420 estin
725 2353 831 2438 figura
853 2355 959 2438 tertia,
982 2358 1016 2419 et
1039 2355 1096 2421 du·

81 2461 196 2522 cantur
218 2462 292 2542 ΑΖ,
314 2463 387 2544 ΒΖ,
411 2463 479 2525 ΓΖ.
513 2464 546 2524 et
568 2461 722 2545 quoniam
744 2480 856 2524 rursus
870 2463 946 2522 ΑΔ
959 2488 1001 2512 ==
1017 2462 1094 2543 ΔΒ,

80 2566 114 2627 et
137 2568 204 2628 ΔΖ
236 2566 415 2630 communis
448 2570 498 2631 est
527 2569 560 2631 et
586 2565 873 2651 perpendicularis,
907 2566 968 2628 erit
992 2565 1031 2649 [I,
1053 2565 1090 2646 4]

79 2673 113 2732 A
118 2673 145 2733 Z
160 2699 202 2723 =
217 2673 288 2734 BZ.
326 2671 474 2736 similiter
498 2671 803 2750 demonstrabimus,
826 2690 896 2734 esse
920 2670 1019 2734 etiam

482 2779 543 2842 ΓΖ
558 2808 600 2831 =
617 2782 691 2842 ΑΖ.

83 1362 278 1712 dl

128 1678 279 1768 b

80 2880 292 2890 ----.

133 2967 178 3090 ἀὲ)
196 2966 278 3091 Him
298 2983 394 3022 casum
413 2965 574 3037 segregauit
590 2966 730 3035 Euclides,
749 2965 816 3035 quia
834 2966 881 3022 hic
899 2968 961 3022 sola
974 2970 1025 3021 ΑΖ
1042 2966 1093 3022 du·

80 3052 130 3090 oen
187 3053 238 3092 es.

151 3145 178 3212 2)
198 3143 373 3212 Quamquam
391 3142 552 3198 offensionis
564 3159 622 3198 non
636 3142 708 3197 nihil
721 3143 809 3198 habet
821 3142 1018 3212 inconstantia,
1036 3156 1094 3223 gns

77 3213 163 3269 modo
183 3209 264 3275 iureis
281 3215 334 3268 τοῦ
352 3218 435 3268 ΑΒΓ
459 3211 595 3283 τριγώνου
623 3216 665 3283 (p.
680 3218 799 3282 282,17.
819 3217 884 3280 284,
897 3214 941 3283 15)
960 3212 1094 3269 scribltnr

77 3285 163 3339 modo
181 3279 264 3346 dordr
280 3285 332 3353 τῆς
349 3288 405 3339 ΒΓ
420 3285 459 3355 (p.
475 3290 535 3353 280,
543 3287 597 3353 24),
616 3286 713 3339 tamen
731 3284 781 3352 τῆς
794 3287 851 3338 ΒΓ
865 3284 964 3338 cunm
980 3282 1093 3341 codices

78 3372 106 3422 p.
113 3356 182 3422 280,
192 3360 227 3408 24
245 3354 294 3409 uix
313 3373 376 3410 oum
394 3355 449 3411 Gre
470 3355 530 3411 orio
547 3354 579 3409 in
590 3354 734 3409 τοῦΑΒΓ
744 3350 883 3424 τριγώνου
897 3353 1095 3426 corrigendo!

78 3425 123 3478 est
139 3427 179 3493 (p.
192 3429 303 3489 28215
322 3425 380 3481 iam
398 3441 432 3479 ax
449 3374 473 3480 l
491 3427 648 3481 correctum
666 3426 734 3495 est),
758 3442 823 3480 cnm
841 3423 946 3494 optima
962 3424 1099 3495 intellql

1059 3532 1063 3537 .
1085 3512 1114 3553 ,ῃ

78 3494 177 3564 possit,
195 3494 281 3550 modo
300 3491 381 3559 ἐκτός
398 3498 556 3552 uertamus=
572 3496 664 3555 ultra.
1077 3554 1114 3591 3⁸1
