<?xml version="1.0" encoding="UTF-8"?>
<!DOCTYPE html PUBLIC "-//W3C//DTD XHTML 1.0 Transitional//EN"
    "http://www.w3.org/TR/xhtml1/DTD/xhtml1-transitional.dtd">
<html xmlns="http://www.w3.org/1999/xhtml" xml:lang="en" lang="en">
 <head>
  <title>
</title>
<meta http-equiv="Content-Type" content="text/html;charset=utf-8" />
  <meta name='ocr-system' content='tesseract 3.04.00' />
  <meta name='ocr-capabilities' content='ocr_page ocr_carea ocr_par ocr_line ocrx_word'/>
</head>
<body>
  <div class='ocr_page' id='page_1' title='image "./euclidisoperaom07unkngoog_0083.png"; bbox 0 0 2356 3818; ppageno 0'>
   <div class='ocr_carea' id='block_1_1' title="bbox 107 167 747 234">
    <p class='ocr_par' dir='ltr' id='par_1_1' title="bbox 107 167 747 234">
     <span class='ocr_line' id='line_1_1' title="bbox 107 167 747 234; baseline -0.006 -2"><span class='ocrx_word' id='word_1_1' title='bbox 107 169 150 234; x_wconf 77' lang='lat'><strong><em>70</em></strong></span> <span class='ocrx_word' id='word_1_2' title='bbox 488 171 688 225; x_wconf 65' lang='lat' dir='ltr'><strong><em>mommsen</em></strong></span> <span class='ocrx_word' id='word_1_3' title='bbox 706 167 747 228; x_wconf 77' lang='grc' dir='ltr'><strong><em>α’.</em></strong></span> 
     </span>
    </p>
   </div>
   <div class='ocr_carea' id='block_1_2' title="bbox 54 311 1167 1896">
    <p class='ocr_par' dir='ltr' id='par_1_2' title="bbox 54 311 1167 1896">
     <span class='ocr_line' id='line_1_2' title="bbox 106 311 1121 402; baseline 0.004 -22"><span class='ocrx_word' id='word_1_4' title='bbox 106 320 213 381; x_wconf 99' lang='lat' dir='ltr'><strong><em>HM</em></strong></span> <span class='ocrx_word' id='word_1_5' title='bbox 232 314 331 382; x_wconf 76' lang='grc' dir='ltr'><strong><em>δυσὶν</em></strong></span> <span class='ocrx_word' id='word_1_6' title='bbox 355 311 477 401; x_wconf 78' lang='grc' dir='ltr'><strong><em>ὀρθαῖς</em></strong></span> <span class='ocrx_word' id='word_1_7' title='bbox 499 320 586 394; x_wconf 91' lang='grc' dir='ltr'><strong><em>ἴσας·</em></strong></span> <span class='ocrx_word' id='word_1_8' title='bbox 609 315 706 400; x_wconf 81' lang='grc' dir='ltr'>λέγω,</span> <span class='ocrx_word' id='word_1_9' title='bbox 731 312 782 382; x_wconf 86' lang='grc' dir='ltr'><strong><em>ὅτι</em></strong></span> <span class='ocrx_word' id='word_1_10' title='bbox 800 313 1013 402; x_wconf 79' lang='grc' dir='ltr'><strong><em>παράλληλός</em></strong></span> <span class='ocrx_word' id='word_1_11' title='bbox 1030 318 1121 385; x_wconf 82' lang='grc' dir='ltr'><strong><em>ἐστιν</em></strong></span> 
     </span>
     <span class='ocr_line' id='line_1_3' title="bbox 106 417 374 509; baseline 0 -20"><span class='ocrx_word' id='word_1_12' title='bbox 106 417 128 506; x_wconf 76' lang='grc' dir='ltr'><em>ἡ</em></span> <span class='ocrx_word' id='word_1_13' title='bbox 152 430 184 489; x_wconf 87' lang='grc' dir='ltr'><em>Α</em></span> <span class='ocrx_word' id='word_1_14' title='bbox 190 428 216 488; x_wconf 92' lang='grc' dir='ltr'><strong><em>Β</em></strong></span> <span class='ocrx_word' id='word_1_15' title='bbox 239 425 279 509; x_wconf 78' lang='grc' dir='ltr'><strong><em>τῇ</em></strong></span> <span class='ocrx_word' id='word_1_16' title='bbox 304 426 374 489; x_wconf 86' lang='grc' dir='ltr'><strong><em>ΓΛ.</em></strong></span> 
     </span>
     <span class='ocr_line' id='line_1_4' title="bbox 170 523 1167 616; baseline 0.004 -23"><span class='ocrx_word' id='word_1_17' title='bbox 170 524 259 594; x_wconf 78' lang='grc' dir='ltr'><strong><em>Ἐπεὶ</em></strong></span> <span class='ocrx_word' id='word_1_18' title='bbox 286 523 350 614; x_wconf 80' lang='grc' dir='ltr'><strong><em>γαρ</em></strong></span> <span class='ocrx_word' id='word_1_19' title='bbox 380 535 434 613; x_wconf 92' lang='grc' dir='ltr'><strong><em>ἴση</em></strong></span> <span class='ocrx_word' id='word_1_20' title='bbox 464 527 554 595; x_wconf 79' lang='grc' dir='ltr'><strong><em>ἐστὶν</em></strong></span> <span class='ocrx_word' id='word_1_21' title='bbox 582 525 602 613; x_wconf 83' lang='grc' dir='ltr'><em>ἡ</em></span> <span class='ocrx_word' id='word_1_22' title='bbox 632 525 698 596; x_wconf 85' lang='grc' dir='ltr'><strong><em>ὑπὸ</em></strong></span> <span class='ocrx_word' id='word_1_23' title='bbox 723 532 825 594; x_wconf 85' lang='grc' dir='ltr'><strong><em>ΕΗΒ</em></strong></span> <span class='ocrx_word' id='word_1_24' title='bbox 848 533 888 616; x_wconf 78' lang='grc' dir='ltr'><strong><em>τῇ</em></strong></span> <span class='ocrx_word' id='word_1_25' title='bbox 911 525 978 597; x_wconf 81' lang='grc' dir='ltr'><strong><em>ὑπὸ</em></strong></span> <span class='ocrx_word' id='word_1_26' title='bbox 1003 537 1134 615; x_wconf 70' lang='grc' dir='ltr'>ΗΘΔ,</span> <span class='ocrx_word' id='word_1_27' title='bbox 1151 548 1167 564; x_wconf 66' lang='grc'><strong>“</strong></span> 
     </span>
     <span class='ocr_line' id='line_1_5' title="bbox 107 629 1121 728; baseline 0.006 -29"><span class='ocrx_word' id='word_1_28' title='bbox 107 630 190 700; x_wconf 74' lang='grc' dir='ltr'><strong><em>ἀλλὰ</em></strong></span> <span class='ocrx_word' id='word_1_29' title='bbox 223 629 249 719; x_wconf 84' lang='grc' dir='ltr'><em>ἡ</em></span> <span class='ocrx_word' id='word_1_30' title='bbox 276 631 341 700; x_wconf 80' lang='grc' dir='ltr'><strong><em>ὑπὸ</em></strong></span> <span class='ocrx_word' id='word_1_31' title='bbox 371 640 474 701; x_wconf 87' lang='grc' dir='ltr'><strong><em>ΕΗΒ</em></strong></span> <span class='ocrx_word' id='word_1_32' title='bbox 502 637 542 722; x_wconf 79' lang='grc' dir='ltr'><strong><em>τῇ</em></strong></span> <span class='ocrx_word' id='word_1_33' title='bbox 571 631 636 702; x_wconf 83' lang='grc' dir='ltr'><strong><em>ὑπὸ</em></strong></span> <span class='ocrx_word' id='word_1_34' title='bbox 664 641 770 703; x_wconf 89' lang='grc' dir='ltr'><strong><em>ΑΗΘ</em></strong></span> <span class='ocrx_word' id='word_1_35' title='bbox 797 637 887 703; x_wconf 79' lang='grc' dir='ltr'><strong><em>ἐστιν</em></strong></span> <span class='ocrx_word' id='word_1_36' title='bbox 916 644 987 724; x_wconf 90' lang='grc' dir='ltr'><strong><em>ἴση,</em></strong></span> <span class='ocrx_word' id='word_1_37' title='bbox 1020 640 1076 705; x_wconf 82' lang='grc' dir='ltr'><strong><em>καὶ</em></strong></span> <span class='ocrx_word' id='word_1_38' title='bbox 1100 639 1121 728; x_wconf 80' lang='grc' dir='ltr'><em>ἡ</em></span> 
     </span>
     <span class='ocr_line' id='line_1_6' title="bbox 71 736 1123 830; baseline 0.005 -20"><span class='ocrx_word' id='word_1_39' title='bbox 71 736 172 810; x_wconf 76' lang='grc' dir='ltr'><strong><em>οὑπό</em></strong></span> <span class='ocrx_word' id='word_1_40' title='bbox 201 747 306 808; x_wconf 86' lang='grc' dir='ltr'><strong><em>ΑΗΘ</em></strong></span> <span class='ocrx_word' id='word_1_41' title='bbox 333 739 399 827; x_wconf 86' lang='grc' dir='ltr'><strong><em>ὀίρα</em></strong></span> <span class='ocrx_word' id='word_1_42' title='bbox 426 744 465 830; x_wconf 78' lang='grc' dir='ltr'><strong><em>τῇ</em></strong></span> <span class='ocrx_word' id='word_1_43' title='bbox 494 738 559 808; x_wconf 80' lang='grc' dir='ltr'><strong><em>ὑπὸ</em></strong></span> <span class='ocrx_word' id='word_1_44' title='bbox 588 748 695 809; x_wconf 92' lang='lat' dir='ltr'><strong><em>HM</em></strong></span> <span class='ocrx_word' id='word_1_45' title='bbox 728 743 818 809; x_wconf 80' lang='grc' dir='ltr'><strong><em>ἐστιν</em></strong></span> <span class='ocrx_word' id='word_1_46' title='bbox 846 751 913 828; x_wconf 92' lang='grc' dir='ltr'><strong><em>ἴση·</em></strong></span> <span class='ocrx_word' id='word_1_47' title='bbox 950 751 1010 812; x_wconf 84' lang='grc' dir='ltr'><strong><em>καί</em></strong></span> <span class='ocrx_word' id='word_1_48' title='bbox 1035 751 1123 815; x_wconf 84' lang='grc' dir='ltr'><strong><em>εἴσιν</em></strong></span> 
     </span>
     <span class='ocr_line' id='line_1_7' title="bbox 106 845 991 940; baseline 0.008 -29"><span class='ocrx_word' id='word_1_49' title='bbox 106 845 260 927; x_wconf 80' lang='grc' dir='ltr'><strong><em>ἐναλλάξ·</em></strong></span> <span class='ocrx_word' id='word_1_50' title='bbox 283 846 495 936; x_wconf 82' lang='grc' dir='ltr'><strong><em>παράλληλος</em></strong></span> <span class='ocrx_word' id='word_1_51' title='bbox 518 846 583 933; x_wconf 74' lang='grc' dir='ltr'><strong><em>ἄρα</em></strong></span> <span class='ocrx_word' id='word_1_52' title='bbox 607 848 699 916; x_wconf 80' lang='grc' dir='ltr'><strong><em>ἐστὶν</em></strong></span> <span class='ocrx_word' id='word_1_53' title='bbox 722 845 742 933; x_wconf 84' lang='grc' dir='ltr'><em>ἡ</em></span> <span class='ocrx_word' id='word_1_54' title='bbox 767 856 833 915; x_wconf 87' lang='grc' dir='ltr'>ΑΒ</span> <span class='ocrx_word' id='word_1_55' title='bbox 855 854 895 940; x_wconf 76' lang='grc' dir='ltr'><strong><em>τῇ</em></strong></span> <span class='ocrx_word' id='word_1_56' title='bbox 920 855 991 918; x_wconf 86' lang='grc' dir='ltr'><strong><em>ΓΔ.</em></strong></span> 
     </span>
     <span class='ocr_line' id='line_1_8' title="bbox 172 950 1121 1045; baseline 0.007 -26"><span class='ocrx_word' id='word_1_57' title='bbox 172 952 299 1038; x_wconf 83' lang='grc' dir='ltr'><strong><em>Πάλιν,</em></strong></span> <span class='ocrx_word' id='word_1_58' title='bbox 335 953 405 1021; x_wconf 78' lang='grc' dir='ltr'><strong><em>ἐπεὶ</em></strong></span> <span class='ocrx_word' id='word_1_59' title='bbox 443 950 529 1020; x_wconf 86' lang='grc' dir='ltr'><strong><em>αἴ</em></strong></span> <span class='ocrx_word' id='word_1_60' title='bbox 509 953 577 1022; x_wconf 89' lang='grc' dir='ltr'><strong><em>υπὸ</em></strong></span> <span class='ocrx_word' id='word_1_61' title='bbox 612 961 727 1039; x_wconf 93' lang='grc' dir='ltr'>ΒΗΘ,</span> <span class='ocrx_word' id='word_1_62' title='bbox 760 962 866 1022; x_wconf 91' lang='grc' dir='ltr'><strong><em>ΗΘΔ</em></strong></span> <span class='ocrx_word' id='word_1_63' title='bbox 904 955 967 1023; x_wconf 76' lang='grc' dir='ltr'><strong><em>δύο</em></strong></span> <span class='ocrx_word' id='word_1_64' title='bbox 1001 955 1121 1045; x_wconf 90' lang='grc' dir='ltr'><strong><em>ὀρθαῖς</em></strong></span> 
     </span>
     <span class='ocr_line' id='line_1_9' title="bbox 106 1058 1121 1146; baseline 0.009 -21"><span class='ocrx_word' id='word_1_65' title='bbox 106 1066 176 1127; x_wconf 81' lang='grc' dir='ltr'><strong><em>ἴσαι</em></strong></span> <span class='ocrx_word' id='word_1_66' title='bbox 204 1064 390 1145; x_wconf 86' lang='grc' dir='ltr'><strong><em>είσίν,εἴσ</em></strong></span> <span class='ocrx_word' id='word_1_67' title='bbox 356 1060 404 1126; x_wconf 87' lang='grc' dir='ltr'><strong><em>ἴσῖ</em></strong></span> <span class='ocrx_word' id='word_1_68' title='bbox 432 1059 618 1128; x_wconf 69' lang='grc' dir='ltr'><strong><em>ὀῖὲααῖ</em></strong></span> <span class='ocrx_word' id='word_1_69' title='bbox 580 1063 618 1127; x_wconf 87' lang='grc' dir='ltr'><strong><em>αἴ</em></strong></span> <span class='ocrx_word' id='word_1_70' title='bbox 647 1058 713 1128; x_wconf 84' lang='grc' dir='ltr'><strong><em>ὑπὸ</em></strong></span> <span class='ocrx_word' id='word_1_71' title='bbox 743 1067 861 1146; x_wconf 88' lang='grc' dir='ltr'>ΑΗΘ,</span> <span class='ocrx_word' id='word_1_72' title='bbox 894 1068 998 1131; x_wconf 89' lang='grc' dir='ltr'><strong><em>ΒΗΘ</em></strong></span> <span class='ocrx_word' id='word_1_73' title='bbox 1021 1067 1121 1135; x_wconf 79' lang='grc' dir='ltr'><strong><em>ὀυσῖν</em></strong></span> 
     </span>
     <span class='ocr_line' id='line_1_10' title="bbox 106 1163 1119 1255; baseline 0.01 -23"><span class='ocrx_word' id='word_1_74' title='bbox 106 1164 228 1253; x_wconf 87' lang='grc' dir='ltr'><strong><em>ὀρθαῖς</em></strong></span> <span class='ocrx_word' id='word_1_75' title='bbox 261 1175 404 1252; x_wconf 88' lang='grc' dir='ltr'><strong><em>ἴσαι,α</em></strong></span> <span class='ocrx_word' id='word_1_76' title='bbox 384 1166 477 1234; x_wconf 77' lang='grc' dir='ltr'><strong><em>αί”</em></strong></span> <span class='ocrx_word' id='word_1_77' title='bbox 456 1193 522 1255; x_wconf 89' lang='grc' dir='ltr'><strong><em>αρα</em></strong></span> <span class='ocrx_word' id='word_1_78' title='bbox 558 1163 624 1235; x_wconf 82' lang='grc' dir='ltr'><strong><em>ὑπὸ</em></strong></span> <span class='ocrx_word' id='word_1_79' title='bbox 659 1174 777 1252; x_wconf 82' lang='grc' dir='ltr'>ΑΗΘ,</span> <span class='ocrx_word' id='word_1_80' title='bbox 811 1174 914 1234; x_wconf 89' lang='grc' dir='ltr'><strong><em>ΒΗΘ</em></strong></span> <span class='ocrx_word' id='word_1_81' title='bbox 945 1184 1017 1251; x_wconf 89' lang='grc' dir='ltr'><strong><em>ταῖς</em></strong></span> <span class='ocrx_word' id='word_1_82' title='bbox 1053 1171 1119 1243; x_wconf 83' lang='grc' dir='ltr'><strong><em>ὑπὸ</em></strong></span> 
     </span>
     <span class='ocr_line' id='line_1_11' title="bbox 54 1270 1120 1363; baseline 0.002 -20"><span class='ocrx_word' id='word_1_83' title='bbox 54 1295 88 1345; x_wconf 89' lang='lat'><strong><em>10</em></strong></span> <span class='ocrx_word' id='word_1_84' title='bbox 107 1280 219 1359; x_wconf 89' lang='grc' dir='ltr'>ΒΗΘ,</span> <span class='ocrx_word' id='word_1_85' title='bbox 238 1280 277 1341; x_wconf 90' lang='grc' dir='ltr'>Η</span> <span class='ocrx_word' id='word_1_86' title='bbox 279 1279 346 1340; x_wconf 87' lang='grc' dir='ltr'><strong><em>ΘΛ</em></strong></span> <span class='ocrx_word' id='word_1_87' title='bbox 360 1281 430 1341; x_wconf 86' lang='grc' dir='ltr'><strong><em>ἴσαι</em></strong></span> <span class='ocrx_word' id='word_1_88' title='bbox 445 1277 543 1341; x_wconf 90' lang='grc' dir='ltr'><strong><em>εἴσίν·</em></strong></span> <span class='ocrx_word' id='word_1_89' title='bbox 567 1271 664 1359; x_wconf 79' lang='grc' dir='ltr'><strong><em>κοινὴ</em></strong></span> <span class='ocrx_word' id='word_1_90' title='bbox 684 1270 906 1363; x_wconf 70' lang='grc' dir='ltr'><strong><em>αἰφηρήσθω’</em></strong></span> <span class='ocrx_word' id='word_1_91' title='bbox 890 1303 910 1363; x_wconf 92' lang='grc' dir='ltr'><em>η</em></span> <span class='ocrx_word' id='word_1_92' title='bbox 925 1272 990 1343; x_wconf 80' lang='grc' dir='ltr'><strong><em>ὑπὸ</em></strong></span> <span class='ocrx_word' id='word_1_93' title='bbox 1005 1284 1120 1346; x_wconf 89' lang='grc' dir='ltr'>ΒΗΘ·</span> 
     </span>
     <span class='ocr_line' id='line_1_12' title="bbox 105 1376 1121 1470; baseline 0.004 -21"><span class='ocrx_word' id='word_1_94' title='bbox 105 1380 204 1468; x_wconf 82' lang='grc' dir='ltr'><strong><em>λοιπὴ</em></strong></span> <span class='ocrx_word' id='word_1_95' title='bbox 237 1379 304 1470; x_wconf 88' lang='grc' dir='ltr'><strong><em>ὀίρα</em></strong></span> <span class='ocrx_word' id='word_1_96' title='bbox 335 1377 356 1465; x_wconf 78' lang='grc' dir='ltr'><em>ἡ</em></span> <span class='ocrx_word' id='word_1_97' title='bbox 385 1376 451 1448; x_wconf 83' lang='grc' dir='ltr'><strong><em>ὑπὸ</em></strong></span> <span class='ocrx_word' id='word_1_98' title='bbox 479 1387 583 1448; x_wconf 88' lang='grc' dir='ltr'><strong><em>ΑΗΘ</em></strong></span> <span class='ocrx_word' id='word_1_99' title='bbox 610 1385 708 1469; x_wconf 77' lang='grc' dir='ltr'><strong><em>λοιπῇ</em></strong></span> <span class='ocrx_word' id='word_1_100' title='bbox 736 1385 776 1470; x_wconf 75' lang='grc' dir='ltr'><strong><em>τῇ</em></strong></span> <span class='ocrx_word' id='word_1_101' title='bbox 803 1378 869 1450; x_wconf 83' lang='grc' dir='ltr'><strong><em>ὑπὸ</em></strong></span> <span class='ocrx_word' id='word_1_102' title='bbox 899 1388 1007 1450; x_wconf 90' lang='grc' dir='ltr'><strong><em>ΗΘΔ</em></strong></span> <span class='ocrx_word' id='word_1_103' title='bbox 1030 1387 1121 1453; x_wconf 83' lang='grc' dir='ltr'><strong><em>ἐστιν</em></strong></span> 
     </span>
     <span class='ocr_line' id='line_1_13' title="bbox 107 1485 1120 1578; baseline 0.007 -24"><span class='ocrx_word' id='word_1_104' title='bbox 107 1497 175 1573; x_wconf 87' lang='grc' dir='ltr'><strong><em>ἴση·</em></strong></span> <span class='ocrx_word' id='word_1_105' title='bbox 198 1491 257 1554; x_wconf 81' lang='grc' dir='ltr'><strong><em>καί</em></strong></span> <span class='ocrx_word' id='word_1_106' title='bbox 277 1491 363 1555; x_wconf 88' lang='grc' dir='ltr'><strong><em>είσιν</em></strong></span> <span class='ocrx_word' id='word_1_107' title='bbox 387 1485 541 1569; x_wconf 80' lang='grc' dir='ltr'><strong><em>ἐναλλάξ·</em></strong></span> <span class='ocrx_word' id='word_1_108' title='bbox 569 1487 781 1575; x_wconf 79' lang='grc' dir='ltr'><strong><em>παράλληλος</em></strong></span> <span class='ocrx_word' id='word_1_109' title='bbox 805 1487 869 1576; x_wconf 75' lang='grc' dir='ltr'><strong><em>ἄρα</em></strong></span> <span class='ocrx_word' id='word_1_110' title='bbox 894 1489 985 1558; x_wconf 82' lang='grc' dir='ltr'><strong><em>ἐστῖν</em></strong></span> <span class='ocrx_word' id='word_1_111' title='bbox 1008 1488 1029 1578; x_wconf 80' lang='grc' dir='ltr'><em>ἡ</em></span> <span class='ocrx_word' id='word_1_112' title='bbox 1054 1500 1120 1561; x_wconf 88' lang='grc' dir='ltr'>ΑΒ</span> 
     </span>
     <span class='ocr_line' id='line_1_14' title="bbox 106 1599 240 1682; baseline 0.022 -22"><span class='ocrx_word' id='word_1_113' title='bbox 106 1599 145 1682; x_wconf 77' lang='grc' dir='ltr'><strong><em>τῇ</em></strong></span> <span class='ocrx_word' id='word_1_114' title='bbox 170 1600 240 1663; x_wconf 86' lang='grc' dir='ltr'><strong><em>ΓΛ.</em></strong></span> 
     </span>
     <span class='ocr_line' id='line_1_15' title="bbox 171 1698 1122 1791; baseline 0.006 -24"><span class='ocrx_word' id='word_1_115' title='bbox 171 1699 251 1768; x_wconf 81' lang='grc' dir='ltr'><strong><em>Ἐὰν</em></strong></span> <span class='ocrx_word' id='word_1_116' title='bbox 279 1698 346 1789; x_wconf 87' lang='grc' dir='ltr'><strong><em>ὀίρα</em></strong></span> <span class='ocrx_word' id='word_1_117' title='bbox 374 1705 420 1781; x_wconf 84' lang='grc' dir='ltr'><strong><em>είς</em></strong></span> <span class='ocrx_word' id='word_1_118' title='bbox 444 1699 507 1768; x_wconf 81' lang='grc' dir='ltr'><strong><em>δύο</em></strong></span> <span class='ocrx_word' id='word_1_119' title='bbox 530 1699 665 1780; x_wconf 78' lang='grc' dir='ltr'><strong><em>εὐθείας</em></strong></span> <span class='ocrx_word' id='word_1_120' title='bbox 689 1699 807 1768; x_wconf 82' lang='grc' dir='ltr'><strong><em>εὐθεῖα</em></strong></span> <span class='ocrx_word' id='word_1_121' title='bbox 830 1703 1036 1788; x_wconf 79' lang='grc' dir='ltr'><strong><em>ἐμπίπτουσα</em></strong></span> <span class='ocrx_word' id='word_1_122' title='bbox 1058 1704 1122 1791; x_wconf 82' lang='grc' dir='ltr'><strong><em>τὴν</em></strong></span> 
     </span>
     <span class='ocr_line' id='line_1_16' title="bbox 56 1805 1121 1896; baseline 0.004 -22"><span class='ocrx_word' id='word_1_123' title='bbox 56 1826 88 1875; x_wconf 85' lang='lat'><strong><em>15</em></strong></span> <span class='ocrx_word' id='word_1_124' title='bbox 109 1805 202 1887; x_wconf 85' lang='grc' dir='ltr'><strong><em>εἀτὸς</em></strong></span> <span class='ocrx_word' id='word_1_125' title='bbox 224 1812 353 1892; x_wconf 78' lang='grc' dir='ltr'><strong><em>γωνίαν</em></strong></span> <span class='ocrx_word' id='word_1_126' title='bbox 375 1811 416 1896; x_wconf 77' lang='grc' dir='ltr'><strong><em>τῇ</em></strong></span> <span class='ocrx_word' id='word_1_127' title='bbox 440 1807 534 1888; x_wconf 81' lang='grc' dir='ltr'><strong><em>ἐντὸς</em></strong></span> <span class='ocrx_word' id='word_1_128' title='bbox 547 1808 602 1875; x_wconf 88' lang='grc' dir='ltr'><em>καῖ</em></span> <span class='ocrx_word' id='word_1_129' title='bbox 621 1805 825 1886; x_wconf 77' lang='grc' dir='ltr'><strong><em>ἀπεναντίον</em></strong></span> <span class='ocrx_word' id='word_1_130' title='bbox 838 1808 894 1875; x_wconf 84' lang='grc' dir='ltr'><em>καῖ</em></span> <span class='ocrx_word' id='word_1_131' title='bbox 909 1809 961 1876; x_wconf 79' lang='grc' dir='ltr'><strong><em>ἐπὶ</em></strong></span> <span class='ocrx_word' id='word_1_132' title='bbox 980 1809 1020 1877; x_wconf 87' lang='grc' dir='ltr'><strong><em>τὰ</em></strong></span> <span class='ocrx_word' id='word_1_133' title='bbox 1035 1808 1121 1878; x_wconf 78' lang='grc' dir='ltr'><strong><em>αὐτὰ</em></strong></span> 
     </span>
    </p>
   </div>
   <div class='ocr_carea' id='block_1_3' title="bbox 66 1909 1122 2215">
    <p class='ocr_par' dir='ltr' id='par_1_3' title="bbox 66 1909 1122 2215">
     <span class='ocr_line' id='line_1_17' title="bbox 108 1909 1120 2005; baseline 0 -21"><span class='ocrx_word' id='word_1_134' title='bbox 108 1917 190 2005; x_wconf 86' lang='grc' dir='ltr'><strong><em>μέρη</em></strong></span> <span class='ocrx_word' id='word_1_135' title='bbox 220 1923 298 2001; x_wconf 91' lang='grc' dir='ltr'><strong><em>ἴσην</em></strong></span> <span class='ocrx_word' id='word_1_136' title='bbox 325 1917 404 2002; x_wconf 77' lang='grc' dir='ltr'><strong><em>ποιῇ</em></strong></span> <span class='ocrx_word' id='word_1_137' title='bbox 433 1909 455 2000; x_wconf 76' lang='grc' dir='ltr'><em>ἢ</em></span> <span class='ocrx_word' id='word_1_138' title='bbox 487 1911 545 1994; x_wconf 79' lang='grc' dir='ltr'><strong><em>τὰς</em></strong></span> <span class='ocrx_word' id='word_1_139' title='bbox 573 1912 667 1993; x_wconf 80' lang='grc' dir='ltr'><strong><em>ἐντὸς</em></strong></span> <span class='ocrx_word' id='word_1_140' title='bbox 692 1915 749 1981; x_wconf 84' lang='grc' dir='ltr'><em>καῖ</em></span> <span class='ocrx_word' id='word_1_141' title='bbox 778 1915 830 1982; x_wconf 76' lang='grc' dir='ltr'><strong><em>ἐπὶ</em></strong></span> <span class='ocrx_word' id='word_1_142' title='bbox 858 1912 898 1982; x_wconf 85' lang='grc' dir='ltr'><strong><em>τὰ</em></strong></span> <span class='ocrx_word' id='word_1_143' title='bbox 927 1912 1012 1983; x_wconf 80' lang='grc' dir='ltr'><strong><em>αὐτὰ</em></strong></span> <span class='ocrx_word' id='word_1_144' title='bbox 1037 1917 1120 2004; x_wconf 86' lang='grc' dir='ltr'><strong><em>με’ρη</em></strong></span> 
     </span>
     <span class='ocr_line' id='line_1_18' title="bbox 66 2019 1122 2110; baseline 0.006 -26"><span class='ocrx_word' id='word_1_145' title='bbox 66 2077 72 2084; x_wconf 93' lang='grc'><strong>.</strong></span> <span class='ocrx_word' id='word_1_146' title='bbox 108 2023 208 2090; x_wconf 81' lang='grc' dir='ltr'><strong><em>ὀυσῖν</em></strong></span> <span class='ocrx_word' id='word_1_147' title='bbox 241 2020 362 2109; x_wconf 77' lang='grc' dir='ltr'><strong><em>ὀρθαῖς</em></strong></span> <span class='ocrx_word' id='word_1_148' title='bbox 395 2029 482 2105; x_wconf 84' lang='grc' dir='ltr'><strong><em>ἴσας,</em></strong></span> <span class='ocrx_word' id='word_1_149' title='bbox 515 2019 722 2110; x_wconf 75' lang='grc' dir='ltr'><strong><em>παράλληλοι</em></strong></span> <span class='ocrx_word' id='word_1_150' title='bbox 750 2025 885 2089; x_wconf 75' lang='grc' dir='ltr'><strong><em>ἔσονται</em></strong></span> <span class='ocrx_word' id='word_1_151' title='bbox 913 2023 951 2087; x_wconf 86' lang='grc' dir='ltr'><strong><em>αί</em></strong></span> <span class='ocrx_word' id='word_1_152' title='bbox 975 2021 1122 2090; x_wconf 78' lang='grc' dir='ltr'><strong><em>εὐθεῖαι·</em></strong></span> 
     </span>
     <span class='ocr_line' id='line_1_19' title="bbox 109 2125 419 2215; baseline -0.003 -22"><span class='ocrx_word' id='word_1_153' title='bbox 109 2125 189 2215; x_wconf 82' lang='grc' dir='ltr'><strong><em>ὅπερ</em></strong></span> <span class='ocrx_word' id='word_1_154' title='bbox 214 2132 281 2194; x_wconf 76' lang='grc' dir='ltr'><strong><em>ἔδει</em></strong></span> <span class='ocrx_word' id='word_1_155' title='bbox 305 2127 419 2206; x_wconf 75' lang='grc' dir='ltr'><strong><em>δεῖξαι.</em></strong></span> 
     </span>
    </p>
   </div>
   <div class='ocr_carea' id='block_1_4' title="bbox 54 2215 1166 2941">
    <p class='ocr_par' dir='ltr' id='par_1_4' title="bbox 578 2215 653 2284">
     <span class='ocr_line' id='line_1_20' title="bbox 578 2215 653 2284; baseline 0.027 -2"><span class='ocrx_word' id='word_1_156' title='bbox 578 2215 653 2284; x_wconf 66' lang='grc' dir='ltr'><strong><em>λῖθ’.</em></strong></span> 
     </span>
    </p>

    <p class='ocr_par' dir='ltr' id='par_1_5' title="bbox 54 2318 1166 2408">
     <span class='ocr_line' id='line_1_21' title="bbox 54 2318 1166 2408; baseline 0.004 -19"><span class='ocrx_word' id='word_1_157' title='bbox 54 2340 88 2389; x_wconf 81' lang='grc' dir='ltr'><strong><em>2ο</em></strong></span> <span class='ocrx_word' id='word_1_158' title='bbox 168 2322 213 2391; x_wconf 87' lang='lat' dir='ltr'><strong><em>‘H</em></strong></span> <span class='ocrx_word' id='word_1_159' title='bbox 240 2325 297 2402; x_wconf 86' lang='grc' dir='ltr'><strong><em>εἴς</em></strong></span> <span class='ocrx_word' id='word_1_160' title='bbox 320 2318 386 2400; x_wconf 81' lang='grc' dir='ltr'><strong><em>τὰς</em></strong></span> <span class='ocrx_word' id='word_1_161' title='bbox 409 2319 686 2407; x_wconf 79' lang='grc' dir='ltr'><strong><em>παραλλήλους</em></strong></span> <span class='ocrx_word' id='word_1_162' title='bbox 709 2318 872 2399; x_wconf 81' lang='grc' dir='ltr'><strong><em>εὐθείας</em></strong></span> <span class='ocrx_word' id='word_1_163' title='bbox 894 2319 1034 2390; x_wconf 87' lang='grc' dir='ltr'><strong><em>εόθεῖα</em></strong></span> <span class='ocrx_word' id='word_1_164' title='bbox 1058 2325 1122 2408; x_wconf 85' lang='grc' dir='ltr'><strong><em>ἐμ·</em></strong></span> <span class='ocrx_word' id='word_1_165' title='bbox 1164 2392 1166 2394; x_wconf 78' lang='grc'>,</span> 
     </span>
    </p>

    <p class='ocr_par' dir='ltr' id='par_1_6' title="bbox 106 2425 1123 2514">
     <span class='ocr_line' id='line_1_22' title="bbox 106 2425 1123 2514; baseline -0.003 -15"><span class='ocrx_word' id='word_1_166' title='bbox 106 2436 304 2499; x_wconf 83' lang='grc' dir='ltr'><strong><em>πίπτουσα</em></strong></span> <span class='ocrx_word' id='word_1_167' title='bbox 326 2425 393 2506; x_wconf 79' lang='grc' dir='ltr'><strong><em>τίς</em></strong></span> <span class='ocrx_word' id='word_1_168' title='bbox 415 2453 454 2494; x_wconf 90' lang='grc' dir='ltr'><strong><em>τε</em></strong></span> <span class='ocrx_word' id='word_1_169' title='bbox 479 2425 646 2506; x_wconf 80' lang='grc' dir='ltr'><strong><em>ἐναλλὰξ</em></strong></span> <span class='ocrx_word' id='word_1_170' title='bbox 663 2433 811 2512; x_wconf 76' lang='grc' dir='ltr'><strong><em>γωνίας</em></strong></span> <span class='ocrx_word' id='word_1_171' title='bbox 830 2425 1123 2514; x_wconf 78' lang='grc' dir='ltr'><strong><em>ἴσαςᾶλληλαις</em></strong></span> 
     </span>
    </p>

    <p class='ocr_par' dir='ltr' id='par_1_7' title="bbox 107 2529 1123 2621">
     <span class='ocr_line' id='line_1_23' title="bbox 107 2529 1123 2621; baseline -0.004 -16"><span class='ocrx_word' id='word_1_172' title='bbox 107 2550 216 2605; x_wconf 86' lang='grc' dir='ltr'><strong><em>ποιεῖ</em></strong></span> <span class='ocrx_word' id='word_1_173' title='bbox 247 2533 314 2601; x_wconf 85' lang='grc' dir='ltr'><em>καῖ</em></span> <span class='ocrx_word' id='word_1_174' title='bbox 345 2531 416 2619; x_wconf 81' lang='grc' dir='ltr'><strong><em>τὴν</em></strong></span> <span class='ocrx_word' id='word_1_175' title='bbox 447 2530 559 2612; x_wconf 81' lang='grc' dir='ltr'><strong><em>ἐντὸς</em></strong></span> <span class='ocrx_word' id='word_1_176' title='bbox 585 2536 629 2621; x_wconf 76' lang='grc' dir='ltr'><strong><em>τῇ</em></strong></span> <span class='ocrx_word' id='word_1_177' title='bbox 654 2529 765 2613; x_wconf 81' lang='grc' dir='ltr'><strong><em>ἐντὸς</em></strong></span> <span class='ocrx_word' id='word_1_178' title='bbox 791 2532 857 2600; x_wconf 85' lang='grc' dir='ltr'><em>καῖ</em></span> <span class='ocrx_word' id='word_1_179' title='bbox 880 2530 1123 2602; x_wconf 82' lang='grc' dir='ltr'><strong><em>ἀπεναντίον</em></strong></span> 
     </span>
    </p>

    <p class='ocr_par' dir='ltr' id='par_1_8' title="bbox 108 2635 1122 2838">
     <span class='ocr_line' id='line_1_24' title="bbox 108 2635 1122 2730; baseline -0.005 -19"><span class='ocrx_word' id='word_1_180' title='bbox 108 2653 200 2730; x_wconf 85' lang='grc' dir='ltr'><strong><em>ἴσην</em></strong></span> <span class='ocrx_word' id='word_1_181' title='bbox 219 2641 285 2709; x_wconf 85' lang='grc' dir='ltr'><em>καῖ</em></span> <span class='ocrx_word' id='word_1_182' title='bbox 308 2636 374 2719; x_wconf 81' lang='grc' dir='ltr'><strong><em>τὰς</em></strong></span> <span class='ocrx_word' id='word_1_183' title='bbox 398 2637 510 2719; x_wconf 80' lang='grc' dir='ltr'><strong><em>ἐντὸς</em></strong></span> <span class='ocrx_word' id='word_1_184' title='bbox 531 2639 596 2706; x_wconf 85' lang='grc' dir='ltr'><em>καῖ</em></span> <span class='ocrx_word' id='word_1_185' title='bbox 620 2639 681 2707; x_wconf 85' lang='grc' dir='ltr'><strong><em>ἐπὶ</em></strong></span> <span class='ocrx_word' id='word_1_186' title='bbox 704 2636 749 2705; x_wconf 80' lang='grc' dir='ltr'><strong><em>τὰ</em></strong></span> <span class='ocrx_word' id='word_1_187' title='bbox 771 2635 868 2707; x_wconf 80' lang='grc' dir='ltr'><strong><em>αὐτοὶ</em></strong></span> <span class='ocrx_word' id='word_1_188' title='bbox 887 2641 983 2726; x_wconf 85' lang='grc' dir='ltr'><strong><em>μέρη</em></strong></span> <span class='ocrx_word' id='word_1_189' title='bbox 1004 2641 1122 2708; x_wconf 82' lang='grc' dir='ltr'><strong><em>ὀνσὶν</em></strong></span> 
     </span>
     <span class='ocr_line' id='line_1_25' title="bbox 109 2747 373 2838; baseline -0.015 -20"><span class='ocrx_word' id='word_1_190' title='bbox 109 2747 255 2838; x_wconf 81' lang='grc' dir='ltr'><strong><em>ὀρθαῖς</em></strong></span> <span class='ocrx_word' id='word_1_191' title='bbox 277 2755 373 2826; x_wconf 90' lang='grc' dir='ltr'><strong><em>ἴσας.</em></strong></span> 
     </span>
    </p>

    <p class='ocr_par' dir='ltr' id='par_1_9' title="bbox 57 2849 1124 2941">
     <span class='ocr_line' id='line_1_26' title="bbox 57 2849 1124 2941; baseline 0 -21"><span class='ocrx_word' id='word_1_192' title='bbox 57 2872 91 2920; x_wconf 81' lang='grc' dir='ltr'><strong><em>2ο</em></strong></span> <span class='ocrx_word' id='word_1_193' title='bbox 177 2858 238 2932; x_wconf 85' lang='grc' dir='ltr'><strong><em>Εἴς</em></strong></span> <span class='ocrx_word' id='word_1_194' title='bbox 260 2849 324 2940; x_wconf 72' lang='grc' dir='ltr'><strong><em>γὰρ</em></strong></span> <span class='ocrx_word' id='word_1_195' title='bbox 345 2851 578 2941; x_wconf 75' lang='grc' dir='ltr'><strong><em>παραλλήλους</em></strong></span> <span class='ocrx_word' id='word_1_196' title='bbox 596 2849 730 2932; x_wconf 80' lang='grc' dir='ltr'><strong><em>εὐθείας</em></strong></span> <span class='ocrx_word' id='word_1_197' title='bbox 748 2850 807 2932; x_wconf 81' lang='grc' dir='ltr'><strong><em>τὰς</em></strong></span> <span class='ocrx_word' id='word_1_198' title='bbox 824 2860 899 2936; x_wconf 89' lang='grc' dir='ltr'><strong><em>ΑΒ,</em></strong></span> <span class='ocrx_word' id='word_1_199' title='bbox 923 2858 986 2919; x_wconf 91' lang='grc' dir='ltr'><strong><em>ΓΔ</em></strong></span> <span class='ocrx_word' id='word_1_200' title='bbox 1003 2851 1124 2921; x_wconf 80' lang='grc' dir='ltr'><strong><em>εὐθεῖα</em></strong></span> 
     </span>
    </p>
   </div>
   <div class='ocr_carea' id='block_1_5' title="bbox 108 2981 320 2992">
    <p class='ocr_par' dir='ltr' id='par_1_10' title="bbox 108 2981 320 2992">
     <span class='ocr_line' id='line_1_27' title="bbox 108 2981 320 2992; baseline -0.028 0"><span class='ocrx_word' id='word_1_201' title='bbox 108 2981 320 2992; x_wconf 65' lang='grc'><strong><em>.-.---.-,--</em></strong></span> 
     </span>
    </p>
   </div>
   <div class='ocr_carea' id='block_1_6' title="bbox 106 3030 1124 3598">
    <p class='ocr_par' dir='ltr' id='par_1_11' title="bbox 108 3030 1123 3316">
     <span class='ocr_line' id='line_1_28' title="bbox 180 3030 1122 3101; baseline -0.001 -16"><span class='ocrx_word' id='word_1_202' title='bbox 180 3038 205 3087; x_wconf 87' lang='grc'>3</span> <span class='ocrx_word' id='word_1_203' title='bbox 224 3032 293 3086; x_wconf 77' lang='lat' dir='ltr'><strong>Post</strong></span> <span class='ocrx_word' id='word_1_204' title='bbox 311 3033 397 3083; x_wconf 89' lang='grc' dir='ltr'><strong><em>ΕΗΒ</em></strong></span> <span class='ocrx_word' id='word_1_205' title='bbox 417 3030 446 3084; x_wconf 91' lang='lat' dir='ltr'><strong><em>in</em></strong></span> <span class='ocrx_word' id='word_1_206' title='bbox 465 3030 491 3084; x_wconf 87' lang='lat' dir='ltr'><strong>V</strong></span> <span class='ocrx_word' id='word_1_207' title='bbox 509 3030 571 3084; x_wconf 79' lang='lat' dir='ltr'><strong>add.</strong></span> <span class='ocrx_word' id='word_1_208' title='bbox 591 3031 681 3099; x_wconf 77' lang='grc' dir='ltr'><strong><em>γωνία</em></strong></span> <span class='ocrx_word' id='word_1_209' title='bbox 698 3048 736 3084; x_wconf 90' lang='lat' dir='ltr'><strong><em>m.</em></strong></span> <span class='ocrx_word' id='word_1_210' title='bbox 751 3032 907 3099; x_wconf 77' lang='lat' dir='ltr'><strong>2(comp.).</strong></span> <span class='ocrx_word' id='word_1_211' title='bbox 1019 3031 1122 3101; x_wconf 87' lang='lat' dir='ltr'><strong><em>HM]</em></strong></span> 
     </span>
     <span class='ocr_line' id='line_1_29' title="bbox 110 3096 1123 3171; baseline -0.004 -13"><span class='ocrx_word' id='word_1_212' title='bbox 110 3101 244 3170; x_wconf 84' lang='grc' dir='ltr'>ΗΒΔΒ,</span> <span class='ocrx_word' id='word_1_213' title='bbox 264 3101 477 3160; x_wconf 46' lang='lat' dir='ltr'><strong>sedssemsorr</strong></span> <span class='ocrx_word' id='word_1_214' title='bbox 569 3106 594 3155; x_wconf 84' lang='lat'>4</span> <span class='ocrx_word' id='word_1_215' title='bbox 614 3103 659 3167; x_wconf 85' lang='grc' dir='ltr'><strong><em>ἴα</em></strong></span> <span class='ocrx_word' id='word_1_216' title='bbox 679 3096 799 3171; x_wconf 60' lang='grc' dir='ltr'><strong><em>ἑστίη)</em></strong></span> <span class='ocrx_word' id='word_1_217' title='bbox 893 3106 917 3154; x_wconf 82' lang='lat'>5</span> <span class='ocrx_word' id='word_1_218' title='bbox 937 3101 1011 3154; x_wconf 84' lang='lat' dir='ltr'><strong>Ante</strong></span> <span class='ocrx_word' id='word_1_219' title='bbox 1032 3103 1123 3155; x_wconf 88' lang='lat' dir='ltr'><strong><em>HM</em></strong></span> 
     </span>
     <span class='ocr_line' id='line_1_30' title="bbox 108 3120 1123 3241; baseline -0.003 -13"><span class='ocrx_word' id='word_1_220' title='bbox 108 3191 162 3229; x_wconf 74' lang='lat' dir='ltr'><strong>ras.</strong></span> <span class='ocrx_word' id='word_1_221' title='bbox 184 3145 272 3228; x_wconf 77' lang='lat' dir='ltr'><strong>1li’tt.</strong></span> <span class='ocrx_word' id='word_1_222' title='bbox 292 3173 323 3227; x_wconf 91' lang='lat' dir='ltr'><strong><em>F.</em></strong></span> <span class='ocrx_word' id='word_1_223' title='bbox 397 3175 442 3240; x_wconf 87' lang='grc' dir='ltr'><strong><em>ἴση</em></strong></span> <span class='ocrx_word' id='word_1_224' title='bbox 462 3167 582 3241; x_wconf 78' lang='grc' dir='ltr'><strong><em>ἴστίνρ.</em></strong></span> <span class='ocrx_word' id='word_1_225' title='bbox 643 3120 680 3225; x_wconf 52' lang='lat' dir='ltr'><strong><em>nl</em></strong></span> <span class='ocrx_word' id='word_1_226' title='bbox 699 3173 781 3226; x_wconf 78' lang='grc' dir='ltr'><strong><em>δυσίν</em></strong></span> <span class='ocrx_word' id='word_1_227' title='bbox 800 3172 854 3240; x_wconf 91' lang='lat' dir='ltr'><strong><em>Bp.</em></strong></span> <span class='ocrx_word' id='word_1_228' title='bbox 928 3177 952 3227; x_wconf 91' lang='lat'><strong><em>8.</em></strong></span> <span class='ocrx_word' id='word_1_229' title='bbox 973 3170 1044 3226; x_wconf 80' lang='grc' dir='ltr'><strong><em>εἰσιν</em></strong></span> <span class='ocrx_word' id='word_1_230' title='bbox 1063 3173 1123 3226; x_wconf 86' lang='grc' dir='ltr'><strong><em>ἴσαι</em></strong></span> 
     </span>
     <span class='ocr_line' id='line_1_31' title="bbox 108 3192 1122 3316; baseline -0.004 -17"><span class='ocrx_word' id='word_1_231' title='bbox 108 3265 135 3316; x_wconf 91' lang='lat' dir='ltr'><strong><em>p.</em></strong></span> <span class='ocrx_word' id='word_1_232' title='bbox 199 3243 271 3299; x_wconf 87' lang='grc' dir='ltr'><strong><em>εἴοῖν</em></strong></span> <span class='ocrx_word' id='word_1_233' title='bbox 290 3242 371 3298; x_wconf 83' lang='grc' dir='ltr'><strong><em>δέΡ.</em></strong></span> <span class='ocrx_word' id='word_1_234' title='bbox 425 3192 473 3314; x_wconf 77' lang='grc' dir='ltr'><strong><em>ὀιῖ]</em></strong></span> <span class='ocrx_word' id='word_1_235' title='bbox 495 3260 579 3313; x_wconf 75' lang='lat' dir='ltr'><strong>supra</strong></span> <span class='ocrx_word' id='word_1_236' title='bbox 596 3260 633 3297; x_wconf 89' lang='lat' dir='ltr'><strong><em>m.</em></strong></span> <span class='ocrx_word' id='word_1_237' title='bbox 650 3241 709 3295; x_wconf 89' lang='lat' dir='ltr'><strong><em>lb</em></strong></span> <span class='ocrx_word' id='word_1_238' title='bbox 783 3248 807 3296; x_wconf 80' lang='lat'><strong><em>9.</em></strong></span> <span class='ocrx_word' id='word_1_239' title='bbox 828 3238 860 3296; x_wconf 78' lang='grc' dir='ltr'><strong><em>αἴ</em></strong></span> <span class='ocrx_word' id='word_1_240' title='bbox 876 3236 983 3312; x_wconf 77' lang='grc' dir='ltr'><strong><em>ὀρα]”</em></strong></span> <span class='ocrx_word' id='word_1_241' title='bbox 964 3262 1021 3311; x_wconf 87' lang='grc' dir='ltr'><strong><em>αρα</em></strong></span> <span class='ocrx_word' id='word_1_242' title='bbox 1040 3238 1074 3296; x_wconf 85' lang='grc' dir='ltr'><strong><em>αἴ</em></strong></span> <span class='ocrx_word' id='word_1_243' title='bbox 1090 3242 1122 3297; x_wconf 89' lang='grc' dir='ltr'>Β.</span> 
     </span>
    </p>

    <p class='ocr_par' dir='ltr' id='par_1_12' title="bbox 110 3309 1114 3528">
     <span class='ocr_line' id='line_1_32' title="bbox 145 3309 1078 3399; baseline -0.004 -29"><span class='ocrx_word' id='word_1_244' title='bbox 145 3322 186 3370; x_wconf 87' lang='lat'><strong><em>10.</em></strong></span> <span class='ocrx_word' id='word_1_245' title='bbox 206 3314 290 3387; x_wconf 80' lang='grc' dir='ltr'><strong><em>εἰσίν]</em></strong></span> <span class='ocrx_word' id='word_1_246' title='bbox 310 3314 395 3383; x_wconf 89' lang='grc' dir='ltr'>ΡΒΒ,</span> <span class='ocrx_word' id='word_1_247' title='bbox 415 3331 504 3383; x_wconf 85' lang='lat' dir='ltr'><strong>comp</strong></span> <span class='ocrx_word' id='word_1_248' title='bbox 519 3314 551 3383; x_wconf 87' lang='lat' dir='ltr'><strong><em>b;</em></strong></span> <span class='ocrx_word' id='word_1_249' title='bbox 570 3311 629 3368; x_wconf 83' lang='grc' dir='ltr'><strong><em>εἴσί</em></strong></span> <span class='ocrx_word' id='word_1_250' title='bbox 643 3312 738 3382; x_wconf 83' lang='lat' dir='ltr'><strong>uulgo.</strong></span> <span class='ocrx_word' id='word_1_251' title='bbox 830 3318 871 3367; x_wconf 93' lang='lat'><strong><em>11.</em></strong></span> <span class='ocrx_word' id='word_1_252' title='bbox 892 3315 936 3383; x_wconf 88' lang='grc' dir='ltr'><strong><em>ἴση</em></strong></span> <span class='ocrx_word' id='word_1_253' title='bbox 957 3309 1078 3399; x_wconf 76' lang='grc' dir='ltr'><strong><em>ἴστίνρ.</em></strong></span> 
     </span>
     <span class='ocr_line' id='line_1_33' title="bbox 110 3378 1124 3457; baseline -0.004 -15"><span class='ocrx_word' id='word_1_254' title='bbox 110 3393 151 3443; x_wconf 90' lang='grc'><strong><em>12</em></strong></span> <span class='ocrx_word' id='word_1_255' title='bbox 172 3383 258 3457; x_wconf 82' lang='grc' dir='ltr'><strong><em>ἐστίν]</em></strong></span> <span class='ocrx_word' id='word_1_256' title='bbox 279 3403 332 3441; x_wconf 88' lang='lat' dir='ltr'><strong><em>om.</em></strong></span> <span class='ocrx_word' id='word_1_257' title='bbox 351 3386 381 3441; x_wconf 92' lang='lat' dir='ltr'><strong>F</strong></span> <span class='ocrx_word' id='word_1_258' title='bbox 455 3385 518 3455; x_wconf 89' lang='grc' dir='ltr'>ΑΒ]</span> <span class='ocrx_word' id='word_1_259' title='bbox 538 3402 554 3439; x_wconf 90' lang='grc' dir='ltr'><strong><em>ε</em></strong></span> <span class='ocrx_word' id='word_1_260' title='bbox 574 3401 643 3440; x_wconf 79' lang='lat' dir='ltr'><strong>corr.</strong></span> <span class='ocrx_word' id='word_1_261' title='bbox 662 3383 817 3449; x_wconf 77' lang='lat' dir='ltr'><strong>F3’1nras</strong></span> <span class='ocrx_word' id='word_1_262' title='bbox 836 3385 864 3438; x_wconf 89' lang='lat' dir='ltr'>b</span> <span class='ocrx_word' id='word_1_263' title='bbox 937 3389 978 3439; x_wconf 81' lang='lat'><strong><em>15.</em></strong></span> <span class='ocrx_word' id='word_1_264' title='bbox 997 3378 1092 3438; x_wconf 81' lang='grc' dir='ltr'><strong><em>ὀπενα</em></strong></span> <span class='ocrx_word' id='word_1_265' title='bbox 1094 3404 1124 3438; x_wconf 83' lang='grc' dir='ltr'><strong><em>ν·</em></strong></span> 
     </span>
     <span class='ocr_line' id='line_1_34' title="bbox 106 3454 1122 3528; baseline 0 -19"><span class='ocrx_word' id='word_1_266' title='bbox 106 3457 212 3524; x_wconf 70' lang='grc' dir='ltr'><strong><em>τῖαςρ.</em></strong></span> <span class='ocrx_word' id='word_1_267' title='bbox 269 3463 311 3512; x_wconf 91' lang='grc'><strong><em>21.</em></strong></span> <span class='ocrx_word' id='word_1_268' title='bbox 329 3458 372 3528; x_wconf 85' lang='grc' dir='ltr'><strong><em>τε]</em></strong></span> <span class='ocrx_word' id='word_1_269' title='bbox 392 3473 446 3511; x_wconf 89' lang='lat' dir='ltr'><strong><em>om</em></strong></span> <span class='ocrx_word' id='word_1_270' title='bbox 465 3457 496 3522; x_wconf 80' lang='lat' dir='ltr'><strong><em>F,</em></strong></span> <span class='ocrx_word' id='word_1_271' title='bbox 515 3472 599 3526; x_wconf 82' lang='lat' dir='ltr'><strong>supra</strong></span> <span class='ocrx_word' id='word_1_272' title='bbox 617 3473 654 3509; x_wconf 88' lang='lat' dir='ltr'><strong>m</strong></span> <span class='ocrx_word' id='word_1_273' title='bbox 670 3454 725 3510; x_wconf 76' lang='lat' dir='ltr'><strong><em>2V.</em></strong></span> <span class='ocrx_word' id='word_1_274' title='bbox 787 3475 827 3524; x_wconf 77' lang='grc' dir='ltr'><strong><em>γα</em></strong></span> <span class='ocrx_word' id='word_1_275' title='bbox 805 3456 903 3524; x_wconf 85' lang='grc' dir='ltr'><strong><em>ωνῖας]</em></strong></span> <span class='ocrx_word' id='word_1_276' title='bbox 922 3472 977 3509; x_wconf 90' lang='lat' dir='ltr'><strong><em>om.</em></strong></span> <span class='ocrx_word' id='word_1_277' title='bbox 996 3455 1122 3509; x_wconf 82' lang='lat' dir='ltr'><strong>Proclus.</strong></span> 
     </span>
    </p>

    <p class='ocr_par' dir='ltr' id='par_1_13' title="bbox 125 3521 1124 3598">
     <span class='ocr_line' id='line_1_35' title="bbox 125 3521 1124 3598; baseline -0.009 -10.816"><span class='ocrx_word' id='word_1_278' title='bbox 125 3476 280 3594; x_wconf 59' lang='grc' dir='ltr'><strong><em>σῖλίῖσιε]</em></strong></span> <span class='ocrx_word' id='word_1_279' title='bbox 296 3543 351 3581; x_wconf 86' lang='lat' dir='ltr'><strong><em>om</em></strong></span> <span class='ocrx_word' id='word_1_280' title='bbox 370 3526 499 3583; x_wconf 76' lang='grc' dir='ltr'><strong><em>Ριοοῖοο.</em></strong></span> <span class='ocrx_word' id='word_1_281' title='bbox 575 3533 618 3583; x_wconf 96' lang='grc'><strong><em>22</em></strong></span> <span class='ocrx_word' id='word_1_282' title='bbox 638 3526 734 3598; x_wconf 69' lang='lat' dir='ltr'>notet]</span> <span class='ocrx_word' id='word_1_283' title='bbox 752 3543 824 3582; x_wconf 69' lang='lat' dir='ltr'><strong><em>eon.</em></strong></span> <span class='ocrx_word' id='word_1_284' title='bbox 840 3543 876 3580; x_wconf 70' lang='lat' dir='ltr'><strong><em>ex</em></strong></span> <span class='ocrx_word' id='word_1_285' title='bbox 891 3526 1003 3596; x_wconf 74' lang='grc' dir='ltr'><strong><em>ποιηΒ</em></strong></span> <span class='ocrx_word' id='word_1_286' title='bbox 1074 3525 1124 3580; x_wconf 77' lang='grc' dir='ltr'><strong><em>καῖ</em></strong></span> 
     </span>
    </p>
   </div>
   <div class='ocr_carea' id='block_1_7' title="bbox 0 0 1183 3818">
    <p class='ocr_par' dir='ltr' id='par_1_14' title="bbox 0 0 1183 3818">
     <span class='ocr_line' id='line_1_36' title="bbox 0 0 1183 3818; baseline 0 0"><span class='ocrx_word' id='word_1_287' title='bbox 0 0 1183 3818; x_wconf 95' lang='lat' dir='ltr'><strong><em> </em></strong></span> 
     </span>
    </p>
   </div>
  </div>
 </body>
</html>
