2356 3818
110 146 154 210 50
488 153 689 227 Σοοιαωαω
707 147 748 207 α’.

175 289 312 370 Παντὸς
338 289 404 380 ίίρα
426 291 594 378 τριγώνου
618 297 656 360 αί
676 293 740 362 δύο
762 295 902 380 πλευραὶ
925 299 984 382 τῆς
1005 301 1125 383 λοιπῆς

109 397 256 482 μείζονές
294 402 358 465 εἰσι
394 398 502 488 πάντῃ
542 400 888 488 μεταλαμβανόμεναι·
935 401 1015 489 ὅπερ
1054 407 1122 471 ἔδει

109 504 223 585 δείξαι.

580 631 652 702 κα’.

86 712 119 783 7
171 749 260 821 Ἐὰν
287 750 492 841 τριγώνου
519 753 582 822 ἐπὶ
611 759 701 841 μιᾶς
728 758 805 824 τῶν
832 761 1013 846 πλευρῶν
1046 756 1119 826 ἀπὸ

74 861 186 927 στῶν
215 857 395 947 περάτων
424 858 497 927 δύο
526 855 689 928 εὐθεῖαι
713 859 826 942 ἐντὸς
849 868 1121 950 συσταθῶσιν,

107 968 149 1031 αί
170 974 433 1033 συσταθεῖσαι
460 970 537 1033 τῶν
561 971 711 1034 λοιπῶν
734 972 803 1034 τοῦ
825 969 1025 1057 τριγωνου
1048 969 1120 1038 δύο

106 1074 289 1156 πλευρῶν
326 1071 533 1150 ἐλάττονες
570 1070 641 1157 μὲν
674 1075 849 1158 ἔσονται,
882 1081 1045 1160 μείζονα
1078 1076 1121 1144 δὲ

105 1183 259 1264 γωνίαν
280 1178 543 1265 περιέξουσιν,

177 1281 352 1373 Τριγῶνου
382 1281 446 1369 γίιρ
476 1287 538 1350 τοῦ
561 1289 665 1351 ΑΒΓ
687 1284 740 1351 ἐπὶ
768 1289 845 1370 μιᾶς
872 1290 940 1353 τῶν
966 1292 1120 1376 πλευρῶν

53 1409 86 1457 10
105 1395 163 1478 τῆς
187 1395 253 1456 ΒΓ
271 1386 336 1457 ἀπὸ
360 1393 428 1457 τῶν
451 1389 602 1478 περάτων
624 1394 692 1466 τῶν
717 1397 755 1474 Β,
779 1397 812 1458 Γ
826 1393 888 1460 δύο
913 1391 1044 1460 εὐθεῖαι
1069 1397 1119 1461 ἐν·

104 1495 161 1576 τὸς
185 1493 440 1563 συνεστάτωσαν
464 1498 501 1562 αί
517 1502 595 1581 BA,
608 1501 685 1562 AF·
705 1497 801 1584 λέγω,
827 1496 878 1566 ὅτι
896 1501 934 1565 αἱ
950 1506 1029 1584 BA,
1055 1507 1124 1569 ΔΓ

104 1608 172 1672 τῶν
195 1605 323 1671 λοιπῶν
345 1605 406 1669 τοῦ
424 1600 591 1690 τριγῶνου
610 1601 673 1671 δύο
691 1608 848 1692 πλευρῶν
866 1610 934 1672 τῶν
953 1613 1029 1692 BA,
1056 1612 1125 1674 ΑΓ

105 1712 281 1788 ἐλάσσονες
295 1710 357 1794 μέν
372 1712 468 1794 εἰσιν,
487 1715 622 1794 μείζονα
643 1707 680 1776 δὲ
698 1715 827 1795 γωνίαν
846 1713 1037 1798 περιέχουσι
1055 1710 1120 1799 τὴν

104 1814 171 1885 ὑπὸ
195 1822 300 1884 ΒΔΓ
318 1820 376 1902 τῆς
399 1812 464 1882 ὑπὸ
489 1820 599 1882 ΒΑΓ.

54 1941 87 1988 1ο
174 1922 317 2010 Διήχθω
347 1919 411 2010 γὰρ
440 1918 460 2007 ἡ
489 1928 558 1988 BA
583 1921 635 1990 ἐπὶ
659 1919 696 1989 τὸ
722 1929 759 1990 Ε.
812 1923 867 1990 καὶ
898 1925 967 2019 ἐπεὶ
997 1924 1120 2006 παντὸς

104 2028 271 2116 τριγῶνου
304 2031 341 2095 αί
373 2026 436 2095 δύο
460 2028 599 2117 πλευραί
627 2033 684 2115 τῆς
712 2033 830 2116 λοιπῆς
852 2032 999 2117 μείζονές
1022 2036 1118 2117 εἰσιν,

103 2136 165 2203 νοῶ
183 2142 287 2203 ΑΒΕ
303 2134 369 2224 ίίρα
387 2137 555 2222 τριγῶνου
574 2139 612 2202 αί
625 2135 688 2219 δύο
711 2137 851 2226 πλευραί
880 2140 918 2204 αί
943 2144 1009 2205 ΑΒ
1016 2188 1025 2222 ,
1053 2145 1121 2205 ΑΕ

103 2246 161 2328 τῆς
189 2249 256 2308 ΒΕ
286 2242 432 2327 μείζονές
469 2245 567 2309 εἰσιν·
600 2240 697 2328 κοινὴ
731 2248 943 2328 προσκείσθω
982 2240 1003 2327 ἡ
1042 2247 1118 2308 ΕΓ·

104 2351 142 2414 αί
162 2345 227 2434 ίιρα
257 2355 338 2433 BA,
368 2352 437 2414 ΑΓ
460 2351 529 2415 τῶν
552 2355 633 2433 ΒΕ,
662 2353 728 2415 ΕΓ
747 2349 893 2433 μείζονές
921 2350 1015 2414 είσιν.
1057 2345 1118 2412 πά-

54 2471 87 2520 20
106 2462 173 2540 λιν,
198 2453 268 2522 ἐπεὶ
291 2457 351 2522 τοῦ
363 2459 466 2521 ΓΕΔ
483 2451 651 2540 τριγῶνου
674 2455 712 2518 αί
733 2452 796 2520 δύο
820 2452 959 2537 πλευραὶ
984 2455 1020 2518 αί
1042 2458 1116 2540 ΓΕ,

106 2568 174 2627 ΕΛ
196 2563 254 2646 τῆς
273 2566 335 2628 ΓΔ
353 2560 499 2647 μείζονές
522 2564 619 2645 είσιν,
642 2556 738 2645 κοινὴ
763 2563 975 2646 προσκείσθω
999 2556 1116 2644 ἡΛΒ·

105 2669 141 2732 αί
167 2673 240 2751 ΓΕ,
269 2673 331 2733 ΕΒ
355 2665 421 2752 ίίρα
444 2669 512 2733 τῶν
534 2671 607 2751 ΓΔ,
633 2672 699 2731 AB
722 2664 869 2750 μείζονές
891 2667 986 2731 εἰσιν.
1032 2661 1117 2733 ἀλλὰ

104 2775 172 2839 τῶν
187 2778 261 2856 ΒΕ,
285 2775 351 2837 ΕΓ
365 2775 511 2856 μείζονες
530 2773 730 2858 ἐδείχθησαν
755 2772 792 2836 αλ
803 2777 880 2855 BA,
905 2775 981 2837 ΑΓ·
1004 2775 1116 2864 πολλῶ

104 2876 171 2963 ἄρα
194 2879 231 2943 αί
252 2883 328 2960 ΒΑ,
352 2881 418 2942 ΑΓ
439 2880 508 2943 τῶν
530 2884 609 2962 BA,
636 2881 705 2943 ΔΓ
723 2877 870 2963 μείζονές
893 2880 988 2944 εἰσιν.

175 3087 246 3142 XXI.
268 3089 359 3144 Sohol.
379 3089 408 3142 in
426 3089 554 3158 Pappum
573 3088 612 3142 III
630 3107 656 3159 p.
674 3094 752 3157 1183,
762 3095 787 3142 4.
825 3091 940 3144 Boetius
959 3108 985 3159 p.
1002 3095 1115 3156 381,26.

103 3217 315 3226 ——-—-.

175 3291 199 3337 2.
220 3281 291 3338 εἰσιν
310 3284 339 3340 Ρ.
430 3290 454 3337 4.
483 3285 612 3354 πλευρῶν
630 3279 684 3339 δύο
704 3279 819 3338 εὐθεῖαι
838 3285 1017 3338 συσταθῶσιν
1037 3279 1117 3345 ἐντὸς

103 3351 160 3410 ἀπὸ
180 3356 236 3408 τῶν
254 3351 384 3420 περάτων
402 3350 560 3423 ἀρξάμεναι
579 3353 613 3409 αλ
628 3354 751 3410 Ρεοολαε.
848 3362 872 3409 6.
892 3350 957 3425 δύο]
978 3372 1031 3408 orn.
1050 3356 1116 3408 Pro·

103 3427 171 3480 elus.
237 3433 260 3480 7.
281 3421 414 3487 ἐλάττους
431 3427 461 3492 Ε,
481 3427 602 3481 Proclus.
667 3432 691 3482 8.
711 3425 873 3495 περιέξουσι
890 3424 1015 3491 Proclus,
1035 3425 1116 3495 pr.

88 3500 131 3542 11.
152 3499 222 3545 ΔΓ
230 3498 361 3563 πλευραί
374 3498 431 3550 τῶν
447 3496 479 3552 Ρ.
562 3504 603 3553 13.
624 3495 679 3552 είσι
696 3496 777 3568 pr.
860 3495 1039 3567 περιέχουσιν
1058 3497 1115 3550 PF.
