2356 3818
106 143 170 209 176
482 98 684 202 ωοοωοο
700 143 740 216 ι’.

166 288 245 358 Ἐὰν
267 289 334 381 ἀρα
357 293 395 359 ἐν
417 288 527 383 κύκλῳ
551 291 615 360 δύο
636 288 767 362 εὐθεῖαι
785 293 951 379 τέμνωσιν
969 288 1118 378 ἀλλήλας
1166 356 1169 370 .

100 394 145 483 μή
166 394 222 464 διὰ
239 399 301 465 τοῦ
318 397 459 486 κέντρου
478 389 589 485 οὖσαι,
613 393 655 467 οά
668 399 849 484 τέμνουσιν
863 393 1009 485 ἀλλήλας
1023 400 1117 484 δίχα·

101 499 182 593 ὅπερ
206 507 273 572 ἔδει
297 505 411 586 δεῖξαι.

590 725 629 767 ε.

64 844 80 894 6
163 819 250 920 Ἐἀν
286 822 357 892 δύο
394 823 532 892 κύκλοι
564 823 760 910 τέμνωσιν
793 821 1007 910 ἀλλήλους,
1041 821 1116 892 οὐκ

99 933 207 996 ἔσται
231 925 426 998 αὐτῶντὸ
451 927 546 998 αὐτὸ
570 930 748 1018 κέντρον.

166 1033 241 1102 Δύο
269 1033 332 1165 νάμ
360 1034 477 1104 κύκλοι
501 1037 536 1103 οἴ
561 1042 676 1122 ΑΒΓ,
701 1042 807 1104 ΓΔΗ
824 1037 1033 1124 τεμνέτωσαν
1058 1032 1112 1104 ἀλ-

97 1141 221 1230 λήλονς
242 1140 325 1209 κατά
348 1140 389 1209 τά
412 1148 452 1227 Β,
464 1147 497 1210 Γ
515 1155 642 1229 σημεῖα.
670 1143 768 1231 λέγω,
792 1141 844 1211 ὅτι
864 1140 1036 1212 οὐκέσται
1056 1142 1117 1213 αά-

97 1274 166 1316 των
189 1246 227 1315 τὸ
252 1245 334 1316 αὐτὸ
358 1250 508 1337 κέντρον

48 1374 83 1424 10
168 1357 212 1420 Εἴ
233 1351 297 1443 νάρ
321 1355 479 1440 δυνατόν,
503 1359 585 1423 ἔστω
609 1353 646 1422 τὸ
664 1362 704 1443 Ε,
727 1356 783 1423 καὶ
807 1302 1024 1444 ἐπεζεάχθω“
1007 1381 1028 1442 η
1044 1362 1114 1443 ΕΓ,

97 1458 153 1526 καῖ
182 1458 359 1546 διήχθω
341 1488 362 1548 η
387 1469 504 1548 ΕΖΗ,
538 1458 582 1541 ὥς
609 1466 732 1550 ἔτυχεν.
761 1463 817 1530 καὶ
845 1464 914 1532 ἐπεὶ
941 1461 978 1531 τὸ
1004 1469 1036 1529 Ε
1057 1481 1115 1550 ση-

98 1579 194 1652 μεῖον
223 1565 363 1655 κέντρον
394 1565 463 1635 ἐστὶ
495 1569 556 1635 τοῦ
586 1572 690 1635 ΑΒΓ
710 1566 852 1653 κύκλου,
886 1575 941 1653 ἴση
972 1563 1109 1636 ἐστῖν“
1090 1594 1112 1653 η

99 1676 165 1738 ΕΓ
183 1675 222 1761 τη
248 1678 318 1740 ΕΖ.
364 1671 481 1760 πάλιν,
510 1673 579 1741 ἐπεὶ
608 1668 646 1740 τὸ
670 1678 702 1738 Ε
719 1684 858 1758 σημεῖον
880 1674 1021 1763 κέντρον
1044 1673 1114 1742 ἐστὶ

97 1781 159 1859 τοῦ
181 1784 288 1846 ΓΔΗ
305 1779 442 1865 κύκλον,
467 1788 522 1866 ἴση
547 1775 678 1847 ἐστὶν
660 1805 681 1866 η
706 1781 830 1846 ΕΓ”
790 1806 830 1867 τη
855 1786 941 1847 ΕΗ·
964 1780 1112 1867 ’ἐδείχθη

46 1901 78 1951 16
99 1881 188 1972 δὲ
218 1890 285 1953 ΕΓ
308 1885 362 1952 καῖ
391 1911 431 1973 τη
459 1892 522 1952 ΕΖ
552 1893 622 1972 ἴση·
663 1881 764 1953 ual‘
746 1912 767 1972 η
796 1882 908 1952 ΕΖ”
886 1911 952 1973 αμα
979 1911 1019 1973 τη
1044 1890 1121 1953 ΕΗ

98 1993 188 2060 ἐστιν
213 1999 267 2078 ἴση
291 1989 478 2120 ήέλάσσων
501 2018 541 2080 τη
555 2018 595 2079 με
597 1998 697 2074 ί·ζονι
721 1989 802 2082 ὅπερ
817 1992 909 2061 ἐστὶν
931 1990 1115 2060 ἀδύνατον.

99 2095 160 2164 οὐκ
183 2096 248 2186 ἀρα
269 2096 307 2166 τὸ
327 2105 359 2165 Ε
375 2108 513 2186 σημεῖον
536 2100 676 2188 κέντρον
701 2098 769 2166 ἐστὶ
791 2124 860 2167 των
880 2104 989 2184 ΑΒΓ,
1010 2103 1122 2167 ΓΔΗ

97 2203 238 2273 κύκλων,

161 2306 238 2377 Ἐἀν
262 2308 328 2400 ἀρα
347 2309 410 2379 δύο
429 2312 546 2379 κύκλοι
560 2312 726 2399 τέμνωσιν
741 2308 916 2397 ἀλλήλους,
941 2307 1002 2403 οάιι
1020 2315 1114 2379 ἔστιν

45 2432 80 2482 20
98 2411 210 2482 αὐτῶν
232 2412 270 2482 τὸ
295 2411 377 2484 αὐτὸ
401 2418 557 2505 κέντρον·
581 2415 662 2506 ὅπερ
686 2420 753 2484 ἔδει
777 2417 892 2498 δεῖξαι.

583 2611 615 2682 ς,

162 2730 248 2800 Ἐὰν
277 2733 347 2801 δύο
375 2733 514 2802 κύκλοι
538 2733 788 2822 ἐφάπτωνται
807 2733 1005 2822 ἀλλήλων,
1039 2731 1114 2802 οὐκ

98 2843 205 2906 ἔσται
229 2837 425 2908 αὐτῶντὸ
450 2838 545 2910 αὐτὸ
567 2842 744 2930 κέντρον

169 3040 194 3089 2.
218 3054 255 3103 μη
275 3029 373 3088 δια
340 3035 466 3107 δίχα]
485 3034 534 3089 καὶ
552 3055 587 3089 τα
608 3031 782 3103 εξηςΒΕὙ
876 3042 899 3091 7.
927 3034 1026 3105 ΓΔΗ]
1052 3039 1117 3090 ΔΗ

97 3104 132 3159 V.
204 3106 480 3176 8.,ΒΓ]Γ,Βμ.
556 3112 597 3161 10.
617 3107 808 3178 ΕΓ]ΓΕμ.
884 3112 926 3162 11.
947 3103 1073 3176 ἔτυχιμ.

99 3181 140 3230 12.
160 3147 287 3231 ἕστῖνά.
374 3176 436 3247 του]
453 3124 546 3232 bieP.
630 3182 672 3232 13.
693 3172 821 3233 ἐστίνῖ.
901 3183 943 3231 14.
963 3176 1035 3248 ΕΓ]
1057 3181 1114 3232 ΓΕ

96 3244 126 3301 Ρ.
215 3252 256 3302 16.
275 3247 344 3302 Post
362 3246 505 3304 6611166
523 3263 592 3303 eras.
612 3247 645 3302 V
719 3248 783 3319 ΕΖ]
802 3248 873 3318 (αλλ)
895 3248 993 3303 ΖΕΡ.
1069 3254 1115 3306 16.

97 3319 142 3388 ἴση
163 3312 284 3388 ἒ.στῖνμ
372 3313 493 3373 ἐλάττων
516 3318 601 3405 BVp3
682 3314 770 3390 ἐστίν]
790 3336 845 3375 om.
862 3319 896 3374 V
971 3324 1013 3374 17
1035 3315 1114 3375 ἐστίν

96 3386 131 3444 V.
222 3395 263 3444 19.
284 3386 350 3444 ἔστα
352 3388 420 3458 th.
521 3396 563 3445 22.
583 3383 708 3458 ἀλλήλων
729 3385 808 3453 ἐντός
825 3391 852 3446 V
871 3392 901 3445 et
918 3390 940 3443 F
959 3406 996 3443 ιιι.
1011 3395 1037 3446 2.
