2356 3818
111 157 178 223 272
489 158 692 211 monumen
709 152 749 214 ι’.

178 299 216 382 ζ’.
249 298 382 370 Εύθεῖα
405 303 452 380 εἴς
472 298 598 368 κύκλον
618 297 860 387 ἐναρμόζεσθαι
879 298 1021 384 λέγεται,
1045 295 1129 367 ὅταν

110 406 151 473 τὰ
179 407 304 495 κέρατα
331 404 435 493 αύτής
461 405 514 473 ἐκῖ
542 410 600 493 τής
628 409 839 494 περιφερείας
861 396 883 493 y}
908 407 969 472 τού
991 402 1128 473 κύκλον.

595 609 640 650 α.

177 694 249 770 Είς
271 687 341 759 τὸν
365 691 540 758 δοθέντα
562 688 709 758 κύκλον
732 691 776 778 vy}
796 692 965 776 δοθείση
987 685 1128 777 εὐθείᾳ

76 818 92 866 5
112 797 161 884 μή
195 803 348 884 μείζονι
382 794 480 885 ούση
512 800 579 883 τῆς
614 799 684 863 τού
725 793 874 863 κύκλον
910 793 1128 882 διαμέτρου

112 910 204 990 ἴσην
227 901 394 971 εὐθεῖαν
418 902 646 990 ἐναρμόσαι.

170 1008 279 1078 Ἔστω
304 1006 322 1077 ὁ
347 1010 463 1089 δοθεὶς
485 1007 606 1089 κύκλος
630 1005 648 1077 ὁ
671 1012 780 1094 ΑΒΓ,
802 1004 824 1095 v}
848 1005 886 1075 δὲ
909 1010 1052 1073 δοθεῖσα
1076 1001 1129 1073 εύ-

111 1125 191 1183 θελα
218 1114 263 1202 μή
294 1121 414 1201 μείζων
437 1119 496 1203 τῆς
517 1119 580 1183 τοῦ
602 1114 729 1183 κύκλου
753 1114 933 1203 διαμέτρου
954 1109 976 1200 v}
1001 1120 1043 1180 A.
1078 1116 1132 1180 δελ

112 1219 154 1307 δή
183 1225 230 1301 εἴς
255 1218 316 1288 τὸν
340 1227 444 1289 ΑΒΓ
467 1220 591 1289 κύκλον
622 1225 662 1310 vy}
688 1229 721 1288 A
745 1218 864 1312 εύθείηι
886 1227 964 1307 ἴσην
986 1213 1129 1288 εύθεϊαν

62 1347 95 1396 10
115 1327 304 1415 ἐναρμόσαι.

168 1429 287 1520 Ἤχθω
310 1436 371 1502 τού
396 1440 500 1502 ΑΒΓ
517 1433 644 1502 κύκλον
667 1433 843 1524 διάμετρος
864 1431 885 1521 ἡ
908 1439 980 1503 ΒΓ.
1012 1436 1044 1501 εἴ
1065 1431 1128 1520 μὲν

112 1531 175 1606 οὖν
208 1548 262 1626 ἴση
292 1541 383 1610 ἐστὶν
408 1538 431 1628 v}
455 1546 522 1608 ΒΓ
544 1545 584 1629 vy}
609 1548 658 1627 A,
690 1538 830 1628 γεγονὸς
856 1536 900 1608 διν
923 1547 974 1627 εἴη
997 1537 1036 1607 τὸ
1060 1541 1128 1607 ἐκι-

110 1647 249 1733 ταχθέν·
284 1648 487 1735 ἐνήρμοσται
509 1644 574 1735 γδιρ
607 1651 654 1727 είς
677 1645 736 1715 τὸν
759 1652 863 1715 ΑΒΓ
881 1644 1007 1714 κύκλον
1029 1648 1069 1733 τῇ
1095 1652 1129 1712 A

111 1752 228 1842 εὐθείᾳ
256 1761 311 1838 ἴση
340 1750 360 1840 ή
385 1760 454 1821 ΒΓ.
501 1756 531 1820 εί
554 1752 592 1820 δέ
614 1759 734 1839 μείζων
758 1751 848 1819 ἐστὶν
870 1748 891 1837 v}
916 1757 983 1819 ΒΓ
1000 1755 1060 1838 τής
1084 1758 1128 1837 Δ,

63 1878 95 1927 ιι
113 1863 239 1927 κείσθω
262 1862 303 1948 vy}
327 1867 361 1927 A
375 1867 430 1946 ἴση
454 1855 561 1946 ήΓΕ,
584 1858 639 1926 καὶ
663 1858 788 1950 κέντρῳ
811 1861 857 1950 τῷ
880 1863 913 1925 Γ
930 1856 1129 1944 διαστήματι

112 1963 150 2032 δὲ
171 1968 217 2057 τῷ
240 1969 307 2032 ΓΕ
326 1967 448 2045 κύκλος
469 1963 653 2053 γεγράφθω
678 1961 696 2033 ὃ
722 1971 832 2051 ΕΑΖ,
862 1964 918 2031 καὶ
942 1965 1128 2052 ἐπεζεύχθω

111 2067 132 2157 v}
158 2076 227 2140 ΓΑ.

175 2175 264 2245 Ἐπεὶ
297 2170 361 2246 ούν
394 2203 431 2247 το
456 2184 487 2247 Γ
507 2186 645 2264 σημεῖον
674 2178 813 2265 κε’ντρον
841 2177 910 2245 ἐστὶ
937 2180 999 2245 τού
1027 2184 1129 2246 ΕΑΖ

110 2283 251 2370 κύκλον,
285 2292 340 2369 ἴση
371 2285 462 2352 ἐστὶν
486 2280 507 2370 y}
530 2291 591 2351 ΓΑ
613 2287 653 2372 vy}
678 2290 749 2352 ΓΒ.
794 2281 880 2352 ύλλδ
902 2286 939 2372 vy}
964 2290 998 2350 A
1020 2279 1041 2370 v}
1064 2287 1132 2352 ΓΕ

58 2411 93 2460 νο
113 2391 204 2457 ἐστιν
227 2398 300 2474 ἴση·
323 2390 379 2456 καὶ
402 2386 423 2474 ἡ
447 2397 480 2456 A
504 2387 569 2476 ἄρα
591 2394 632 2479 vy}
655 2396 716 2459 ΓΑ
739 2392 829 2458 ἐστιν
853 2398 917 2476 ἴση.

178 2500 239 2574 Ele
270 2493 337 2582 ἄρα
369 2492 429 2563 τὸν
462 2495 608 2562 δοθέντα
635 2495 762 2565 κύκλον
791 2495 852 2566 τδν
882 2501 988 2563 ΑΒΓ
1005 2499 1045 2585 vy}
1071 2499 1131 2565 δο-

111 2606 211 2688 θείση
235 2598 353 2690 εύθείηι
374 2603 414 2689 vy}
439 2607 472 2666 A
495 2607 550 2687 ἴση
575 2600 777 2688 ἐνήρμοσται
799 2599 820 2688 ἡ
844 2607 921 2669 ΓΑ·
951 2600 1033 2688 ὅπερ
1058 2606 1128 2670 ἐδει

106 2709 258 2793 ποιήσαι.
487 2754 492 2758 -
622 2795 631 2818 Ι

59 2940 93 2990 25
180 2922 249 2998 Είς
285 2917 355 2986 τὸν
390 2913 563 2988 δοθέύτα
594 2919 741 2988 κύκλον
772 2924 823 3013 τῷ
848 2920 1013 2989 δοθέντι
1044 2947 1131 3010 τρι-

112 3022 223 3116 γύνω
248 3023 463 3110 ίσογούνιον
486 3031 685 3113 τρίγωνον
707 3025 913 3115 ἐγγράψαι.

183 3203 204 3258 Ι,
223 3202 337 3257 Boetius
356 3221 383 3272 p.
398 3207 459 3268 388,
469 3208 513 3259 23.
576 3203 619 3274 Π.
639 3203 754 3259 Boetius
773 3222 798 3273 p.
815 3209 875 3274 388,
887 3210 928 3260 26.

112 3312 327 3326 ffl-

17 3408 21 3429 .,
44 3388 48 3395 ·
186 3368 209 3417 1.
230 3359 283 3433 είς]
303 3376 318 3416 θ
337 3379 406 3419 corr.
425 3379 462 3417 m.
478 3369 494 3418 2
513 3363 543 3417 P.
631 3357 852 3435 ἐναρμόζεσθαι]
872 3360 916 3419 ἐν·
934 3369 1002 3419 m.2
1021 3362 1057 3419 V.

17 3432 30 3523 ἱ,
114 3437 139 3489 2.
168 3426 216 3520 ἐνηλ
237 3433 493 3523 τήοκερρφερείας
515 3424 534 3504 ᾖ
556 3433 609 3489 τοῦ
626 3430 746 3512 κύκλον]
770 3434 860 3504 PBp,
879 3435 905 3490 V
922 3452 980 3505 mg.
997 3452 1035 3522 ω’.
1055 3451 1125 3522 ερας

17 3534 26 3595 3¹
103 3503 253 3576 σαμβαλλη
271 3524 306 3578 τη
325 3525 377 3563 τον
397 3508 503 3564 κνκλον
522 3507 694 3580 περιφερείᾳ
708 3504 743 3573 Β,
757 3506 782 3561 V
796 3524 836 3560 m.
849 3513 876 3561 ι.
946 3511 971 3560 8.
992 3506 1043 3577 μη]
1062 3526 1081 3576 η
1102 3512 1128 3561 A
