2356 3818
100 141 166 205 218
480 141 683 193 ΣΤοιΧοιαΝ
701 135 739 207 γ’.

146 281 205 370 Μὴ
228 281 304 370 γάρ,
327 278 441 349 ἆλλέί
463 280 627 366 δυνατόν,
650 285 734 348 ἐστω
757 278 794 349 τὸ
821 287 864 365 Ζ,
887 280 943 346 καὶ
966 278 1116 366 ἐπεζεύχ-

99 399 154 465 θω
176 387 198 476 ἡ
222 396 292 458 ΓΖ.

164 493 253 563 Ἐπεὶ
278 486 369 581 [οὖν]
393 495 518 562 κύκλου
540 497 601 561 τού
617 491 912 580 ΑΒΓέφύπτεταί
927 518 976 572 τις
995 489 1115 580 εύθεϊα

101 599 121 688 ἡ
145 609 224 688 ΔΕ,
250 599 315 670 ἀπὸ
340 601 378 669 δὲ
400 604 461 668 τοῦ
483 601 625 688 κέντρου
648 600 701 668 ἐπὶ
724 599 786 686 τὴν
810 595 903 685 ἁφὴν
928 600 1116 680 ἐπέζευκται

63 705 121 794 σὴ
146 714 216 792 ΖΓ,
244 705 265 794 ἡ
290 714 354 776 ΖΓ
373 706 440 794 ἄρα
462 705 605 785 κάθετός
628 708 718 774 ἐστιν
742 706 794 773 ἐπὶ
817 703 878 792 τὴν
902 713 986 772 ΔΕ·
1024 702 1115 793 ὀρθὴ

100 812 167 903 ἄρα
186 815 276 881 ἐστὶν
299 811 320 900 ἡ
343 810 409 881 ὑπὸ
425 818 489 880 ΖΓ
490 821 527 882 Ε.
552 812 620 880 ἐστὶ
639 811 677 879 δὲ
694 812 750 879 καὶ
769 809 790 898 ἡ
809 809 875 879 ὑπὸ
894 818 996 880 ΑΓΕ
1012 810 1116 897 ὀρθή·

101 929 156 1007 ἴση
185 919 251 1005 ἄρα
282 921 372 987 ἐστὶν
395 917 415 1005 ἡ
439 917 505 987 ὑπὸ
531 924 629 986 ΖΓΕ
648 921 688 1006 τῇ
710 915 777 986 ὑπὸ
801 924 904 986 ΑΓΕ
924 914 944 1003 ἡ
969 905 1116 985 ἐλάττων

100 1030 140 1114 τῇ
154 1031 296 1112 μείζονι·
317 1024 399 1113 ὅπερ
414 1025 504 1092 ἐστὶν
518 1022 699 1092 ἀδύνατον.
723 1022 785 1092 ούκ
799 1022 865 1113 ἄρα
879 1022 917 1092 τὸ
934 1028 961 1090 Ζ
974 1024 1116 1108 κέντρον

101 1131 171 1199 ἐστὶ
194 1135 255 1198 τοῦ
279 1136 382 1198 ΑΒΓ
398 1129 534 1197 κύκλου.
558 1126 681 1216 ὁμοίως
705 1128 746 1215 δὴ
771 1131 933 1215 δείξομεν,
958 1126 1010 1197 ὅτι
1036 1127 1112 1197 οὐδ’

47 1250 82 1298 10
101 1234 184 1303 ἄλλο
207 1260 239 1302 τι
262 1235 350 1322 πλὴν
374 1235 427 1303 ἐπὶ
449 1239 507 1321 τῆς
530 1241 602 1304 ΑΓ.

164 1339 244 1409 Ἐὰν
275 1338 342 1428 ἄρα
373 1339 499 1408 κύκλου
528 1338 715 1427 ἐφάπτηταί
740 1367 789 1419 τις
816 1339 950 1425 εὐθεῖα,
982 1338 1048 1408 ἀπὸ
1079 1341 1118 1407 δὲ

100 1451 159 1532 τῆς
186 1444 275 1533 ἁφῆς
301 1452 341 1536 τῇ
365 1448 576 1539 ἐφαπτομένῃ
600 1447 682 1535 πρὸς
705 1444 814 1535 ὀρθὰς
837 1443 955 1514 εύθεϊα
981 1444 1117 1534 γραμμὴ

101 1551 203 1641 ἀχθῇ,
226 1553 279 1620 ἐπὶ
302 1557 361 1639 τῆς
383 1551 543 1639 ἀχθείσης
566 1557 658 1620 ἐσται
680 1550 718 1620 τὸ
738 1554 879 1639 κέντρον
897 1556 959 1620 τοῦ
977 1551 1118 1621 κύκλου·

102 1654 184 1746 ὅπερ
209 1662 276 1726 ἔδει
301 1660 415 1739 δεῖξαι.

50 1850 83 1899 15
395 1849 398 1854 “
585 1835 627 1903 κ’.

165 1956 225 2026 Ἐν
252 1957 380 2050 κύκλῳ
408 1956 429 2044 ἡ
457 1956 553 2046 πρὸς
580 1963 629 2050 τῳ
653 1960 802 2050 κέντρῳ
826 1964 950 2044 γωνία
979 1963 1119 2027 διπλα-

102 2071 199 2132 σίων
232 2065 313 2132 ἐστὶ
346 2067 413 2150 τῆς
440 2064 536 2151 πρὸς
562 2067 606 2152 τῇ
634 2070 885 2154 περιφερείᾳ,
923 2063 1018 2132 ὅταν
1046 2064 1119 2152 τὴν

102 2168 226 2255 αὐτὴν
250 2172 508 2259 περιφέρειαν
531 2170 652 2257 βάσιν
676 2175 820 2256 ἔχωσιν
844 2173 886 2236 αί
907 2176 1061 2256 γωνίαι.

160 2274 268 2343 Ἔστω
298 2275 418 2356 κύκλος
446 2274 464 2344 ὁ
489 2282 608 2361 ΑΒΓ,’
633 2276 689 2343 καὶ
717 2274 800 2362 πρὸς
827 2275 889 2360 μέν
916 2281 961 2367 τῷ
989 2278 1117 2368 κέντρῳ

47 2398 83 2446 20
103 2377 208 2447 αύτοῦ
231 2387 338 2466 γωνία
357 2386 439 2448 ἔστω
458 2379 479 2467 ἡ
499 2378 565 2448 ὑπὸ
581 2388 687 2466 ΒΕΓ,
710 2380 792 2467 πρὸς
812 2381 850 2449 δὲ
868 2384 908 2470 τῇ
922 2389 1119 2472 περιφερείᾳ

101 2483 122 2573 ἡ
146 2484 211 2554 ὑπὸ
232 2492 342 2572 ΒΑΓ,
366 2487 529 2571 ἐχέτωσαν
554 2485 591 2553 δέ
613 2484 676 2572 τὴν
695 2483 802 2572 αὐτὴν
820 2487 1035 2574 περιφέρειαν
1058 2488 1119 2573 βύ-

103 2612 158 2661 σιυ
180 2591 243 2678 τὴν
264 2598 342 2660 ΒΓ·
366 2592 463 2676 λέγω,
487 2590 538 2659 ὅτι
562 2595 747 2661 διπλασίων
771 2593 863 2660 ἐστὶν
886 2590 906 2678 ἡ
931 2589 996 2660 ὑπὸ
1020 2599 1124 2661 ΒΕΓ

96 2704 209 2805 γωνία
232 2701 291 2783 τῆς
313 2694 379 2765 ὑπὸ
403 2703 512 2765 ΒΑΓ.

166 2801 414 2889 Ἐπιζευχθεῖσα
437 2801 501 2890 γὰρ
524 2801 545 2889 ἡ
570 2812 639 2871 ΑΕ
660 2802 792 2890 διήχθω
816 2803 869 2870 ἐπὶ
891 2801 929 2870 τὸ
954 2811 990 2870 Ζ.

46 2925 84 2974 25
166 2906 255 2977 Ἐπεὶ
279 2901 342 2977 οὖν
366 2916 421 2994 λ’ση
446 2909 537 2977 ἐστὶν
560 2906 581 2995 ἡ
606 2917 673 2977 ΕΑ
694 2913 734 2997 τῇ
755 2916 829 2994 ΕΒ,
853 2917 908 2995 ἴση
931 2908 987 2975 καὶ
1010 2916 1119 2993 γωνία

102 3014 123 3103 ἡ
146 3014 213 3083 ὑπὸ
238 3022 337 3082 ΕΑΒ
360 3021 400 3103 τῇ
424 3013 490 3083 ὑπὸ
513 3022 631 3082 ΕΒΑ·
651 3018 688 3082 αἱ
710 3013 775 3100 ύρα
797 3012 863 3082 ὑπὸ
883 3021 994 3097 ΕΑΒ,
1017 3022 1121 3083 ΕΒΑ

175 3201 199 3248 1.
219 3192 288 3248 ἔστω
307 3188 339 3246 τὸ
361 3192 393 3262 Ζ]
412 3192 442 3245 in
460 3209 514 3246 ras.
534 3193 564 3246 F.
664 3197 689 3247 2.
710 3191 811 3314 ΓΖχΖ
833 3208 847 3245 ε
867 3207 935 3246 corr.
956 3191 993 3254 V3
1020 3194 1077 3244 ΖΓ
1093 3210 1120 3261 p.

104 3273 129 3321 3.
149 3256 214 3335 ούν]
234 3281 287 3318 0111.
306 3262 336 3317 P.
423 3260 623 3386 κύκλουχ-λου
641 3261 671 3315 in
689 3279 741 3316 ras.
772 3263 790 3316 ¹.
882 3267 906 3316 6.
926 3261 1020 3332 ΖΓΕ]
1040 3265 1121 3316 ΖΓΔ

102 3337 133 3391 P.
220 3330 296 3390 ἐστιν
314 3334 344 3389 Ρ.
432 3336 559 3387 ΑΓΔ,
641 3328 797 3399 ὀρθή-7.
817 3333 910 3403 ΑΓΕ]
930 3349 986 3401 mg.
1006 3334 1121 3387 m.1P

103 3402 189 3474 (ἐστιν
209 3421 272 3472 om„
292 3407 383 3472 ΖΓΔ,
402 3406 499 3469 ΑΓΔ).
573 3409 597 3457 ι.
620 3404 711 3474 ΖΓΕ]
733 3406 816 3456 ΖΕΓ
832 3402 853 3454 F
872 3421 908 3458 m.
925 3408 953 3470 1,
974 3404 1032 3456 ΕΓ
1049 3420 1120 3459 eras.

127 3472 262 3529 έλιῐττων
276 3493 306 3544 p.
393 3480 418 3531 8.
439 3470 528 3547 ἐστίν]
549 3492 602 3531 οω.
621 3473 677 3544 Bp.
755 3474 790 3544 Z]
810 3477 830 3526 Z
849 3480 966 3543 σημεῖον
985 3474 1020 3529 V.
1096 3483 1121 3531 9.
