2356 3818
91 151 160 219 140
477 155 679 209 ετουιπιιειι
698 151 736 226 γ’.

90 314 177 384 σαρα
200 293 267 384 άρα
289 296 510 385 τετραπλάσιά
535 300 605 366 ἐστι
625 307 686 366 τοῦ
710 302 784 365 ΓΚ.
827 296 929 365 πάλιν
954 296 1024 365 ἐπεὶ
1048 304 1104 385 ἴση

90 402 181 470 ἐστὶν
208 400 229 490 ἡ
252 411 314 472 ΓΒ
337 406 377 494 τῇ
401 412 484 490 BA,
508 401 592 473 άλλά
614 401 636 491 ἡ
660 403 722 492 μὲν
745 411 814 472 BA
835 407 875 493 τῇ
899 410 982 489 ΒΚ,
1011 429 1102 471 τουτ-

89 509 159 577 ίστι
188 512 228 598 τῇ
251 516 324 580 ΓΗ
342 518 409 597 ἴση,
431 508 453 597 ἡ
478 509 515 581 δὲ
537 517 599 578 ΓΒ
622 513 662 599 τῇ
680 517 764 596 ΗΚ,
787 511 937 578 τουτέστι
959 513 1000 598 τῇ
1017 517 1105 596 ΗΠ,

90 614 180 683 ἐστιν
203 623 272 702 ἴση,
293 616 349 684 καῖ
372 613 392 704 ἡ
413 622 484 684 ΓΗ
502 614 568 706 ἄρα
590 619 630 705 τῇ
654 624 732 684 ΗΠ
751 624 806 702 ἴση
831 619 930 685 ἐστίν.
953 616 1009 685 καὶ
1033 615 1106 684 ἐπεὶ

54 728 145 807 σῖση
169 720 259 789 ἐστὶν
282 719 304 810 ἡ
327 721 389 810 μὲν
411 726 484 791 ΓΗ
501 726 541 812 τῇ
564 729 649 807 ΗΠ,
672 719 693 810 ἡ
718 722 756 791 δὲ
778 729 849 790 HP
866 727 906 812 τῇ
930 729 1002 808 ΡΟ,Ι
1026 729 1104 791 ἴσον

89 826 159 894 ἐστὶ
186 828 241 897 καὶ
273 826 311 896 τὸ
344 828 406 916 μὲν
432 835 509 897 ΑΗ
530 833 576 916 τῷ
604 836 699 916 ΜΠ,
730 827 768 897 τὸ
796 829 835 898 δὲ
861 835 933 896 HA
958 832 1004 922 τῷ
1035 834 1102 896 PZ.

89 930 174 1002 ιἰλλᾶ
193 932 231 1002 τὸ
252 940 333 1003 ΜΠ
347 939 393 1028 τῷ
413 941 484 1005 HA
498 936 588 1005 ἐστιν
610 943 704 1005 ἴσον·
727 933 1020 1025 παραπληρώματα
1037 933 1103 1021 γάρ

88 1043 150 1107 τοῦ
174 1046 250 1108 ΜΛ
272 1040 637 1129 παραλληλογράμμου·
660 1039 776 1109 καὶτὸ
800 1047 877 1108 ΑΗ
890 1038 957 1129 άρα
978 1044 1024 1130 τῷ
1044 1047 1104 1106 ΡΖ

90 1151 167 1214 ἴσον
191 1147 295 1214 ἐστίν·
336 1145 376 1214 τά
400 1147 544 1236 τέσσαρα
566 1144 632 1236 άρα
655 1146 695 1217 τά
718 1155 805 1235 ΑΗ,
828 1152 917 1231 ΜΠ,
940 1151 1020 1234 ΠΛ,
1042 1151 1103 1213 ΡΖ

37 1266 71 1316 10
90 1260 147 1319 ἴσα
174 1248 332 1338 άλλήλοις
359 1254 467 1320 ἐστίν·
508 1251 548 1320 τά
576 1253 720 1342 τέσσαρα
747 1252 814 1343 άρα
841 1255 903 1323 τοῦ
931 1257 1006 1320 ΑΗ
1031 1253 1102 1319 ἐστι

88 1355 323 1445 τετραπλάσια.
346 1361 482 1447 ἐδείχθη
506 1359 544 1428 δὲ
564 1360 620 1427 καὶ
637 1358 678 1427 τά
697 1361 841 1446 τέσσαρα
859 1357 899 1426 τά
919 1363 995 1442 ΓΚ,
1018 1364 1102 1443 ΚΔ,

89 1471 168 1550 ΗΡ,
189 1470 260 1532 ΡΝ
273 1467 334 1533 τοῦ
348 1471 416 1533 ΓΚ
431 1466 670 1555 τετραπλάσια·
693 1464 733 1534 τά
757 1464 824 1554 άρα
848 1464 945 1551 ὀκτώ,
969 1461 991 1533 ά
1014 1489 1103 1550 περι·

89 1570 156 1658 ίχει
182 1568 243 1639 τὸν
266 1578 301 1638 Σ
308 1578 370 1638 TY
393 1570 568 1660 γνώμονα,
595 1571 816 1660 τετραπλάσιά
847 1573 917 1640 ἐστι
939 1575 1001 1638 τοῦ
1023 1577 1103 1639 ΑΚ.

89 1675 145 1745 καῖ
169 1677 239 1745 ἐπεὶ
261 1674 298 1746 τὸ
318 1684 390 1745 ΑΚ
405 1675 443 1746 τὸ
466 1676 533 1748 ὑπὸ
556 1682 625 1747 τών
644 1685 721 1765 ΑΒ,
744 1685 813 1746 BA
831 1679 934 1746 ἐστιν·
958 1684 1013 1763 ἴση
1037 1674 1102 1766 γάρ

37 1797 70 1848 15
90 1779 111 1870 ἡ
135 1789 204 1852 ΒΚ
228 1786 268 1871 τῇ
292 1789 380 1853 BA·
417 1782 455 1852 τὸ
482 1783 549 1874 άρα
575 1782 725 1870 τετράκις
754 1781 821 1852 ὑπὸ
844 1787 912 1853 τών
934 1791 1011 1870 ΑΒ,
1034 1791 1103 1852 BA

88 1888 330 1978 τετραπλάσιόν
358 1890 426 1956 ἐστι
449 1893 510 1958 τοῦ
532 1898 610 1959 ΑΚ.
659 1891 793 1978 ἐδείχθη
818 1889 856 1958 δὲ
877 1893 939 1959 τοῦ
961 1896 1034 1956 ΑΚ
1053 1916 1104 1957 τε·

89 1993 291 2084 τραπλάσιος
322 1994 378 2063 καῖ
407 1993 425 2064 ὁ
455 2004 558 2064 ΣΤΥ
586 1996 748 2085 γνώμων·
789 1996 826 2065 τὸ
861 1995 928 2085 άροι
954 1996 1105 2082 τετράκις

89 2097 155 2168 ὑπὸ
179 2104 247 2169 τών
270 2110 346 2187 AB,
370 2108 438 2169 BA
460 2111 536 2171 ἴσον
559 2103 628 2172 ἐστὶ
651 2107 697 2196 τῷ
720 2109 824 2169 ΣΤΥ
843 2100 1004 2188 γνώμονι.
1033 2128 1104 2170 κοι-

89 2202 153 2275 νὸν
176 2213 389 2295 προσκείσθω
412 2205 449 2276 τὸ
468 2211 540 2294 ΞΘ,
564 2205 584 2277 ὅ
607 2212 698 2277 ἐστιν
717 2217 792 2278 ἴσον
811 2211 857 2299 τῷ
877 2205 941 2276 άπὸ
961 2211 1020 2295 τῆς
1037 2213 1108 2275 ΑΓ

36 2327 71 2378 20
89 2311 304 2403 τετραγώνῳ·
327 2310 364 2379 τὸ
389 2310 455 2400 άρα
477 2312 626 2400 τετράκις
648 2310 714 2381 ὑπὸ
737 2319 805 2383 τών
824 2321 902 2401 ΑΒ,
925 2321 994 2382 BA
1012 2337 1102 2401 περι-

90 2416 251 2504 εχόμενον
278 2414 494 2506 ὀρθογώνιον
522 2418 602 2506 μετὰ
633 2423 694 2487 τοῦ
716 2417 781 2487 άπὸ
805 2430 837 2488 Α
843 2427 875 2488 Γ
892 2418 1105 2510 τετραγώνου

90 2530 166 2592 ἴσον
190 2525 259 2592 ἐστὶ
282 2529 327 2617 τῷ
343 2531 446 2591 ΣΤΥ
457 2523 607 2613 γνώμονι
629 2526 685 2593 καῖ
703 2530 749 2619 τῷ
763 2529 832 2604 ΞΘ.
859 2524 943 2595 άλλά
964 2525 982 2595 ὁ
1001 2535 1036 2595 Σ
1043 2534 1108 2594 ΤΥ

89 2628 234 2719 γνώμαν
256 2631 312 2699 καῖ
335 2628 373 2699 τὸ
392 2634 454 2708 ΞΘ
473 2629 555 2700 ὅλον
578 2632 648 2700 ἐστὶ
670 2630 707 2701 τὸ
727 2639 866 2702 ΑΕΖΔ
881 2631 1103 2721 τετράγωνον,

90 2732 110 2804 ὅ
133 2737 224 2804 ἐστιν
248 2734 313 2805 άπὸ
335 2741 395 2823 τῆς
418 2747 451 2806 A
456 2746 507 2804 A·
529 2736 567 2806 τὸ
591 2737 657 2829 άρα
678 2739 827 2829 τετράκις
849 2737 915 2807 ὑπὸ
939 2743 1007 2807 τών
1025 2745 1104 2825 ΑΒ,

36 2856 70 2908 25
89 2849 159 2910 BA
183 2841 263 2930 μετά
287 2847 348 2912 τοῦ
371 2840 437 2912 άπὸ
460 2850 529 2913 ΑΓ
549 2853 625 2913 ἴσον
649 2846 719 2914 ἐστὶ
741 2850 787 2938 τῷ
810 2843 877 2915 άπὸ
902 2853 972 2913 AA
991 2869 1105 2932 τετρα-

89 2948 205 3041 γώνῳ·
228 2957 283 3037 ἴση
308 2949 346 3018 δὲ
369 2946 389 3037 ἡ
408 2957 477 3018 BA
494 2955 533 3040 τῇ
552 2957 623 3020 ΒΓ.
646 2951 684 3021 τὸ
704 2951 769 3041 άρα
788 2951 936 3038 τετράκις
953 2949 1018 3020 ὑπὸ
1034 2953 1104 3018 τών

89 3063 165 3140 ΑΒ,
189 3062 255 3124 ΒΓ
269 3055 506 3145 περιεχόμενον
530 3055 745 3144 ὀρθογώνιον
769 3056 849 3146 μετά
873 3062 934 3126 τοῦ
952 3055 1018 3125 άπὸ
1041 3062 1111 3123 ΑΓ

89 3162 301 3251 τετραγώνου
328 3169 404 3230 ἴσον
432 3162 500 3229 ἐστὶ
527 3166 573 3254 τῷ
597 3159 663 3231 άπὸ
686 3168 744 3250 τῆς
766 3173 852 3252 ΑΔ,
884 3165 1033 3232 τουτέστι
1056 3165 1106 3254 τῷ

89 3265 154 3337 άπὸ
164 3265 487 3355 τῆςΑΒκαῖΒΓώς
496 3264 562 3336 άπό
572 3272 649 3354 μιᾶς
659 3267 887 3358 ἀναγραφέντι
896 3267 1105 3360 τετραγώνῳ.

162 3433 185 3481 1.
205 3420 276 3497 ἔστι]
297 3421 372 3481 ἔστιν
390 3425 456 3492 PV;
477 3424 531 3482 τίσι
548 3445 575 3498 p.
650 3434 674 3482 2.
696 3428 758 3500 ΓΒ]
778 3432 834 3484 ΒΓ
848 3429 879 3484 F.
953 3423 1015 3483 αλλ’
1035 3428 1065 3483 Β.

79 3497 159 3564 M]
172 3511 261 3564 ευμεν
278 3511 330 3552 εστ,
346 3500 375 3551 Δ
391 3514 427 3553 m.
440 3503 457 3552 2
471 3498 509 3566 Κ,
528 3515 585 3570 mg.
604 3492 621 3569 ἡ
642 3502 697 3552 ΒΓ
711 3496 768 3569 άρα
785 3501 820 3569 τῇ
840 3503 900 3554 ΓΗ
917 3495 992 3554 ἔστιν
1011 3498 1056 3568 ἴση
1066 3496 1104 3553 V.
