2356 3818
103 164 148 230 56
483 164 684 217 ΣΤΟΙΧΕΙῼΝ
703 158 742 217 α’.

162 304 271 374 Ἐστω
299 303 319 391 ἡ
347 304 410 393 μὲν
438 309 579 373 δοθεῖσα
607 301 726 373 εὐθεῖα
755 301 945 397 ηΑΒςτδ
975 286 1018 373 δὲ’
1035 302 1120 394 πρὸς

105 410 189 502 αὐτῇ
218 425 357 498 σημεῖον
384 410 422 479 τὸ
446 420 493 496 Α,
520 409 541 498 ἡ
570 410 608 480 δὲ
631 416 773 479 δοθεῖσα
796 416 902 498 γωνία
925 408 1118 499 εὐθύγραμ

104 546 166 606 μος
188 516 209 605 ἡ
232 515 298 587 ὑπὸ
321 524 435 585 ΔΓΕ·
463 522 517 586 δεῖ
538 516 580 604 δη
603 516 686 606 πρὸς
709 521 748 607 τῇ
773 522 913 606 δοθείση
937 515 1055 608 εὐθείᾳ
1077 521 1119 606 τῇ

104 633 170 694 ΑΒ
193 625 249 693 καί
272 629 317 717 τῳ
340 623 424 714 πρὸς
447 625 530 712 αὐτῇ
554 630 679 716 σημείῳ
702 628 748 714 τῳ
772 633 804 692 Α
826 628 865 712 τῇ
890 627 1030 712 δοθείση
1054 650 1119 710 γω-

69 737 162 823 σνίῳ
194 730 422 824 εὐθυγράμμῳ
455 735 495 820 τῇ
528 727 593 799 ὑπὸ
618 735 722 797 ΔΓΕ
752 737 829 815 ῖσην
859 736 986 816 γωνίαν
1015 728 1119 798 εὐθύ·

104 864 259 926 γραμμον
283 837 524 924 συστήσασθαι.

116 946 119 953 ’
172 943 338 1032 Εἰλήφθω
366 941 419 1031 ἐφ’
446 944 601 1032 ἑκατέρας
623 945 691 1011 τῶν
715 946 788 1027 ΓΛ,
811 949 876 1009 ΓΕ
896 944 1038 1029 τυχόντα
1062 963 1120 1030 ση-

105 1064 181 1140 μεία
208 1048 248 1118 τὰ
273 1058 321 1136 Δ,
350 1057 394 1134 Ε,
424 1050 478 1116 καὶ
504 1047 691 1136 ἐπεζεύχθω
714 1045 735 1133 ἡ
761 1055 841 1114 ΔΕ·
877 1047 933 1116 καὶ
957 1051 992 1117 ἐκ
1015 1055 1121 1138 τριῶν

105 1154 267 1240 εὐθειῶν,
295 1158 333 1222 αἵ
354 1159 440 1223 είσιν
465 1164 534 1223 ίσαι
556 1155 644 1244 τρισί
668 1167 740 1233 ταῖς
762 1159 834 1240 ΓΔ,
855 1161 933 1241 ΔΕ,
957 1161 1029 1243 ΓΕ,
1052 1162 1120 1244 τρί-

53 1278 87 1327 10
105 1289 218 1350 γωνον
241 1260 430 1330 συνεστάτω
454 1259 491 1330 τὸ
513 1268 632 1347 ΑΖΗ,
657 1257 739 1328 ὥστε
764 1268 841 1347 ίσην
866 1257 952 1328 εἶναι
975 1259 1037 1348 τὴν
1058 1262 1121 1348 μὲν

105 1376 172 1437 ΓΔ
194 1371 234 1456 τῇ
258 1374 333 1456 ΑΖ,
355 1366 417 1454 τὴν
441 1366 478 1435 δὲ
501 1374 567 1435 ΓΕ
586 1371 626 1455 τῇ
650 1373 732 1452 ΑΗ,
755 1365 811 1433 καί
835 1370 882 1434 ἔτι
904 1364 966 1454 τὴν
989 1375 1059 1435 ΔΕ
1080 1373 1122 1456 τῇ

106 1482 181 1545 ΖΗ.

169 1579 257 1649 Ἐπεὶ
291 1573 354 1649 οὐν
387 1579 450 1649 δύο
483 1583 520 1647 αί
542 1584 618 1664 ΔΓ,
647 1583 712 1646 ΓΕ
742 1578 804 1647 δύο
837 1592 909 1659 ταῖς
937 1587 1017 1664 ΖΑ,
1049 1587 1127 1647 ΑΗ

106 1696 176 1756 ίσαι
199 1687 286 1756 είσίυ
305 1687 446 1774 ,ἑκατέρα
469 1685 618 1774 ἑκατέρᾳ,
640 1684 696 1751 καί
719 1687 816 1771 βάσις
837 1683 858 1772 ἡ
880 1692 951 1751 ΔΕ
966 1686 1061 1771 βάσει
1080 1689 1123 1774 τῇ

53 1807 87 1856 15
107 1801 178 1861 ΖΗ
197 1801 263 1882 ίση,
286 1799 395 1880 γωνία
417 1791 482 1880 άρα
506 1790 527 1880 ἡ
546 1788 611 1860 ὑπὸ
629 1796 732 1859 ΔΓΕ
742 1796 850 1882 γωνίᾳ
871 1795 911 1880 τῇ
935 1788 1001 1859 ὑπὸ
1017 1798 1129 1859 ΖΑΗ

106 1902 197 1968 ἐστιν
220 1909 284 1986 ἴση.

172 2004 266 2094 Πρὸς
288 2003 355 2094 ἄρα
377 2009 416 2094 τη
441 2009 581 2093 δοθείση
601 2000 720 2093 εὐθείᾳ
742 2007 781 2092 τῇ
806 2011 871 2071 ΑΒ
893 2004 950 2071 καὶ
973 2005 1019 2096 τῷ
1038 2001 1124 2092 πρὸς

106 2108 190 2198 αὐτῇ
213 2118 337 2204 σημείῳ
361 2115 406 2204 τῷ
430 2119 463 2178 Α
483 2114 523 2200 τῇ
548 2113 688 2198 δοθείση
708 2116 815 2200 γωνίῳ
834 2107 1062 2202 εὐθυγράμμῳ
1081 2112 1124 2199 τῇ

106 2215 171 2286 ὑπὸ
198 2223 301 2285 ΔΓΕ
322 2225 377 2303 ίση
400 2206 507 2303 γ’ωνία
530 2213 772 2304 εὐθύγραμμος
796 2217 992 2284 συνέσταται
1015 2213 1123 2304 ἡύπδ

53 2338 88 2386 20
107 2330 221 2390 ZAH·
246 2319 327 2409 ὅπερ
351 2326 419 2390 ἔδει
442 2326 592 2407 ποιῆσαι.

578 2513 649 2582 κδ’.

169 2638 257 2707 Ἐὰν
277 2638 348 2707 δύο
368 2643 542 2727 τρίγωνα
560 2635 627 2719 τὰς
646 2637 718 2706 δύο
737 2638 908 2728 πλευράς
923 2646 1033 2727 [ταῖς]
1049 2639 1123 2709 δύο

106 2753 296 2831 πλευραῖς
327 2753 413 2824 ίσας
441 2749 508 2832 ἔχη
542 2745 734 2833 ἑκατέραν
767 2746 947 2836 ἑκατέρῳ,
978 2744 1052 2832 τὴν
1081 2745 1126 2813 δὲ

106 2856 258 2939 γωνίαν
284 2854 352 2936 τῆς
379 2854 525 2937 γωνίας
551 2856 714 2938 μείζονα
742 2855 808 2939 ἔχη
838 2849 909 2939 τὴν
938 2849 1013 2920 ὑπὸ
1045 2853 1126 2919 τῶν

55 2973 89 3022 25
109 2966 207 3026 ίσων
230 2953 402 3025 εὐθειῶν
420 2957 725 3045 περιεχομένην,
743 2956 808 3024 καί
826 2957 897 3043 τὴν
915 2957 1036 3043 βάσιν
1055 2961 1128 3042 τῆς

107 3063 261 3151 βάσεως
283 3069 446 3150 μείζονα
470 3065 557 3145 ἕξει.

167 3168 275 3237 Ἔστω
299 3168 361 3237 δύο
384 3176 531 3259 τρίγωνα
549 3167 590 3237 τὰ
610 3176 719 3255 ΑΒΓ,
744 3178 845 3237 ΔΕΖ
870 3167 928 3250 τάς
947 3169 1009 3238 δύο
1028 3177 1128 3237 πλευ·

180 3347 277 3402 XXIV.
297 3346 412 3402 Boetius
430 3365 459 3416 p.
475 3352 571 3416 382⁹.

165 3499 339 3574 Ζέκατέρα
354 3505 387 3560 Ρ.
464 3510 527 3561 ΔΓ
541 3506 572 3565 Ρ.
651 3507 723 3580 ΓΕ]
740 3521 811 3563 em.
830 3505 860 3560 Ε.
930 3513 959 3561 (ο.
980 3505 1051 3559 Ροεί.
1068 3506 1130 3560 ίοαι
