2356 3818
110 109 152 173 18
485 111 686 163 ΣΤΟΙΧΕΙΩΝ
704 107 745 163 α’.

109 257 210 318 ΑΕΖ
245 256 412 340 τρίγωνον
448 251 504 319 καὶ
531 251 713 336 τιθεμένου
739 255 801 320 τοῦ
830 251 891 337 μὲν
920 261 952 318 Α
980 258 1126 337 σημείου

108 356 162 424 ἐπὶ
183 356 221 425 τὸ
247 365 281 423 Δ
312 369 451 444 σημεῖον
479 360 538 443 τῆς
566 357 604 424 δὲ
627 365 692 424 ΑΒ
716 354 851 437 εὐθείας
875 359 927 425 ἐπὶ
949 357 1013 442 τὴν
1038 365 1122 445 ΔΕ,

108 463 291 550 ἐφαρμόσει
308 463 365 531 καὶ
384 462 422 530 τὸ
443 470 471 529 Β
491 477 630 549 σημεῖον
646 464 698 532 ἐπὶ
712 462 751 531 τὸ
766 471 797 530 Ε
818 461 926 532 διὰτὸ
942 473 1019 548 ἴσην
1035 461 1124 532 εἶναι

106 565 169 654 τὴν
193 575 257 635 ΑΒ
284 572 323 657 τῇ
349 576 434 636 ΛΕ·
467 568 704 657 ἐφαρμοσάσης
731 569 774 656 δὴ
801 574 860 656 τῆς
882 577 948 637 ΑΒ
977 569 1030 637 ἐπὶ
1057 570 1124 657 τὴν

72 681 178 741 ME
199 676 381 765 ἐφαρμόσει
403 675 459 743 καὶ
485 673 596 762 ἡΑΓ
613 673 731 743 εὐθεῖα
755 675 807 743 ἐπὶ
829 675 892 762 τὴν
912 683 977 742 ΔΖ
1006 674 1123 746 διὰτὸ

108 790 184 866 ἴσην
208 778 295 850 εἶναι
316 780 379 867 τὴν
402 778 468 850 ὑπὸ
482 788 586 850 ΒΑΓ
604 787 732 868 φοινίαν
754 785 794 869 τῇ
814 778 881 849 ὑπὸ
900 788 1015 848 ΕΔΖ·
1035 779 1124 850 ὥστε

106 889 162 954 καὶ
189 886 227 955 τὸ
252 895 284 955 Γ
309 901 448 975 σημεῖον
478 888 529 955 ἐπὶ
562 887 601 955 τὸ
626 896 653 955 Ζ
683 901 822 975 σημεῖον
849 886 1033 976 ἐφαρμόσει
1063 887 1122 957 διὰ

106 991 143 1061 τὸ
173 1003 250 1080 ἴσην
277 994 379 1062 πόλιν
407 990 578 1079 εἶναιτὴν
601 1000 670 1061 ΑΓ
687 997 727 1082 τῇ
752 1001 826 1061 ΔΖ.
866 992 949 1061 ἀλλὰ
975 993 1042 1080 μὴν
1065 995 1123 1085 καὶ

105 1097 144 1167 τὸ
167 1107 196 1167 Β
220 1101 273 1169 ἐπὶ
295 1099 333 1168 τὸ
358 1107 389 1167 Ε
410 1099 605 1188 ἐφηρμόκει·
628 1098 713 1169 ὥστε
735 1102 829 1186 βάσις
853 1097 873 1186 ἡ
893 1081 964 1167 ΒΓ
980 1099 1032 1166 ἐπὶ
1056 1100 1118 1186 βοί-

55 1221 88 1268 ιο
105 1226 162 1273 σιν
188 1205 251 1292 τὴν
275 1213 336 1272 ΕΖ
359 1205 550 1292 ἐφαρμόσει.
586 1209 617 1273 εἴ
638 1203 702 1294 μόιρ
726 1205 870 1292 τοῦμὲν
893 1212 922 1272 Β
947 1206 999 1272 ἐπὶ
1022 1203 1060 1273 τὸ
1085 1215 1119 1274 Ε

107 1311 360 1399 ἐφαρμόσαντος
381 1316 443 1380 τοῦ
468 1311 505 1379 δὲ
519 1318 552 1379 Γ
570 1313 622 1379 ἐπὶ
645 1310 683 1381 τὸ
704 1321 731 1379 Ζ
749 1310 769 1399 ἡ
785 1319 852 1381 ΒΓ
870 1312 969 1398 βάσις
987 1313 1039 1379 ἐπὶ
1058 1302 1122 1398 την

109 1425 172 1484 ΕΖ
197 1416 258 1486 οὐκ
282 1417 479 1507 ἐφαρμόσει,
508 1415 572 1486 δύο
596 1415 727 1486 εὐθεῖαι
749 1424 875 1507 χωρίον
897 1418 1122 1506 περιέξουσιν·

102 1521 187 1611 ι”περ
212 1525 303 1593 ἐστὶν
320 1522 501 1592 ἀδύνατον.
530 1523 713 1612 ἐφαρμόσει
731 1523 797 1614 ἄρα
820 1521 841 1611 ἡ
861 1529 928 1592 ΒΓ
946 1522 1044 1609 βάσις
1068 1527 1122 1593 ἐπὶ

106 1629 167 1716 την
191 1638 253 1697 ΕΖ
274 1631 335 1697 καὶ
359 1639 414 1716 ἴση
440 1628 524 1718 αὐτῇ
549 1635 653 1698 ἔσται·
677 1629 837 1699 ὥστεκαὶ
861 1628 943 1698 όλον
966 1629 1003 1697 τὸ
1023 1638 1127 1699 ΑΒΓ

54 1751 86 1800 15
105 1741 270 1825 τρίγωνον
298 1736 350 1804 ἐπὶ
373 1734 454 1805 ὅλον
477 1735 515 1804 τὸ
540 1744 641 1804 ΔΕΖ
663 1742 831 1824 τρίγωνον
855 1735 1039 1823 ἐφαρμόσει
1061 1739 1121 1805 καὶ

106 1852 182 1913 ἴσον
205 1840 295 1935 αὐτῷ
319 1848 421 1929 ἔσται,
443 1843 499 1910 καὶ
523 1846 561 1910 αἱ
580 1843 695 1910 λοιπαὶ
713 1848 833 1928 γωνίαι
853 1842 906 1909 ἐπὶ
925 1840 984 1921 τὰς
1002 1842 1122 1923 λοιπὰς

106 1957 230 2036 γωνίας
258 1949 490 2038 ἐφαρμόσουσι
517 1949 572 2015 καὶ
596 1957 666 2015 ἴσαι
689 1946 805 2028 αὐταῖς
829 1952 980 2033 ἔσονται,
1014 1945 1034 2032 ἡ
1058 1949 1122 2034 μὲν

105 2052 172 2123 ὑπὸ
188 2062 289 2122 ΑΒΓ
306 2060 346 2142 τῇ
368 2053 435 2123 ὑπὸ
451 2061 551 2121 ΔΕΖ
574 2051 594 2140 ἡ
619 2053 657 2121 δὲ
675 2051 741 2122 ὑπὸ
757 2059 856 2122 ΑΓΒ
869 2058 910 2141 τῇ
925 2049 991 2121 ὑπὸ
1007 2061 1121 2123 ΔΖΕ.

170 2193 250 2263 Ἐὰν
268 2194 334 2283 ἄρα
353 2196 417 2264 δύο
440 2201 588 2283 τρίγωνα
605 2194 663 2274 τὰς
682 2195 745 2263 δύο
765 2192 910 2280 πλευρὰς
935 2199 1032 2276 [ταῖς]
1057 2197 1123 2266 δύο

54 2316 88 2366 20
106 2309 264 2391 πλευραῖς
293 2311 367 2381 ἴσας
396 2307 452 2389 ἔχη
483 2301 803 2397 ἕκατέρανόπατέρηι
825 2298 880 2365 καὶ
902 2295 967 2383 τὴν
992 2308 1122 2386 γωνίαν

105 2412 146 2496 τῇ
161 2414 268 2498 γωνίᾳ
282 2416 360 2493 ἴσην
381 2411 438 2496 ἐχη
451 2405 516 2493 τὴν
533 2405 599 2476 ὑπὸ
618 2412 687 2475 τῶν
706 2414 790 2474 ἴσων
809 2402 955 2472 εὐθειῶν
974 2429 1123 2495 περιεχο-

106 2514 224 2600 μένην,
247 2512 302 2580 καὶ
324 2512 387 2600 τὴν
409 2512 511 2598 βάσιν
533 2518 573 2602 τῇ
597 2513 693 2598 βάσει
717 2522 794 2599 ἴσην
814 2512 890 2597 ἕξει,
913 2513 969 2578 καὶ
992 2510 1029 2580 τὸ
1053 2519 1123 2600 τρί-

106 2645 219 2704 γωνον
241 2624 287 2712 τῷ
310 2618 464 2710 τριγώνῳ
489 2628 564 2687 ἴσον
587 2624 695 2704 ἐσται,
722 2617 777 2685 καὶ
802 2621 839 2684 αἱ
860 2618 975 2685 λοιπαὶ
998 2625 1120 2703 γωνίαι

106 2735 178 2805 ταῖς
213 2732 345 2806 λοιπαῖς
372 2731 511 2811 γωνίαις
539 2733 608 2792 ἴσαι
636 2729 769 2791 ἔσονται
802 2723 940 2812 ἑκατέρα
968 2724 1118 2815 ἑκατέρᾳ,

52 2844 87 2896 2⁶
106 2827 167 2918 ὑφ’
184 2827 224 2910 ἃς
242 2833 280 2897 αλ
296 2839 365 2898 ἴσαι
384 2831 524 2919 πλευραὶ
543 2829 798 2899 ὑποτείνουσιν·
819 2827 900 2916 ὅπερ
920 2834 988 2897 ἔδει
1008 2833 1124 2912 δεῖξαι.

180 3103 202 3151 1.
220 3095 447 3167 προστιθεμένου
468 3096 500 3163 V,
519 3097 568 3150 sed
586 3113 668 3165 προσ·
688 3094 800 3165 punctis
818 3095 874 3150 del.
946 3092 1013 3165 μέν]
1034 3113 1120 3164 supra

105 3167 222 3223 MP.
312 3165 561 3238 2.A]inras.b.
634 3162 698 3238 τήν]
719 3166 752 3236 τῇ
771 3184 799 3235 p.
890 3160 1118 3237 4.ση’]Ι·“λ71)ρ;

105 3235 139 3294 δέ
157 3235 222 3305 ΡΒ;
241 3237 290 3293 cfr.
309 3255 388 3309 prop.
408 3242 433 3292 8.
542 3242 566 3291 6.
586 3237 689 3359 ΒΑΓὲ
701 3238 767 3307 post
784 3253 837 3291 ras.
858 3236 897 3304 V;
916 3240 1001 3290 ΑΒΓ
1015 3235 1047 3290 Β.

105 3306 189 3364 ΕΔΖ
217 3311 300 3363 ΔΕΖ
317 3310 349 3367 Β.
423 3312 448 3364 8.
469 3304 544 3362 εἴναι
561 3303 647 3363 πάλιν
691 3349 696 3362 .
770 3312 795 3362 9.
815 3303 973 3376 ἐφαρμόσει
991 3308 1019 3363 b.
1077 3314 1119 3362 13.

105 3370 182 3435 ἐστίν
213 3395 267 3435 om.
286 3378 321 3436 V.
395 3385 436 3434 16.
455 3383 518 3441 ταῖς
535 3382 646 3439 λοιπαῖς
665 3381 781 3446 ηωνίοιις
798 3377 856 3432 ΒΓ.
932 3384 973 3432 17.
994 3374 1119 3446 ἐφαρμό-

98 3448 246 3503 mmP,
338 3445 455 3521 πότοις]
472 3444 605 3519 α’λλήλαις
622 3448 653 3503 F.
737 3455 780 3502 λλ.
798 3444 868 3518 6230]
885 3449 958 3516 (am
977 3450 994 3515 β
1010 3448 1044 3500 Β.
