2356 3818
109 170 174 235 222
492 171 694 228 nomn
712 166 751 240 γ’.

108 311 171 398 τὴν
195 310 301 399 αύτὴν
329 314 545 401 περιφέρειαν
572 311 674 400 βάσιν
701 310 764 399 τὴν
787 317 899 397 ΒΓΔ,
922 307 944 397 ἡ
968 307 1038 399 ἄρα
1059 306 1128 379 ὑπὸ

109 424 210 485 ΒΖΔ
237 424 344 503 γωνία
372 422 557 486 διπλασίων
582 419 650 486 ἐστὶ
672 422 731 504 τῆς
753 414 819 486 ύπό
844 423 958 484 ΒΑΔ.
1005 415 1065 485 διὰ
1085 415 1128 486 τὰ

109 522 192 591 αὐτὰ
218 522 259 609 δὴ
284 521 305 610 ἡ
328 522 395 592 ὑπὸ
419 531 520 592 ΒΖΔ
542 525 599 592 καὶ
621 528 680 611 τῆς
702 521 769 592 ὑπὸ
793 531 897 592 ΒΕΔ
915 525 985 591 ἐστι
1009 527 1127 591 διπλα-

109 636 209 698 σίων’
236 637 290 715 ἴση
316 629 381 718 ἄρα
404 627 425 716 ἡ
450 627 517 696 ύπό
541 636 647 697 ΒΑΔ
668 634 709 719 τῇ
732 627 799 698 ὑπὸ
824 635 935 697 ΒΕΔ.

73 753 89 802 ο
172 733 228 804 Ἐν
260 735 371 828 κύκλῳ
405 738 470 823 ἄρα
502 738 540 803 αί
573 738 610 804 ἐν
636 740 682 828 τῷ
712 734 802 827 αύτῷ
830 733 975 822 τμήματι
1004 740 1123 822 γωνίαι

109 850 179 909 ῖσαι
202 838 364 929 ἀλλήλαις
387 847 491 910 εἰσίν·
516 841 597 928 ὅπερ
621 847 689 910 ἔδει
713 844 828 923 δεῖξαι.

580 1034 650 1121 νβ’.

178 1162 264 1226 Τῶν
292 1160 333 1226 ἐν
361 1173 444 1238 τοῖς
470 1158 634 1237 κύκλοις
659 1157 962 1245 τετραπλεύρων
992 1161 1037 1226 αἱ
1058 1156 1125 1226 ἀπ·

108 1269 297 1332 εναντίον
320 1271 463 1349 γωνίαι
487 1265 604 1332 δυσὶν
628 1260 775 1351 ὀρθαῖς
795 1271 879 1331 ίσαι
902 1267 1017 1333 είσίν.

55 1388 88 1436 10
165 1369 274 1438 Ἔστω
298 1370 420 1451 κύκλος
439 1370 457 1440 ὁ
473 1377 617 1456 ΑΒΓΔ,
639 1371 695 1437 καὶ
715 1372 751 1438 ἐν
770 1367 860 1462 αύτῷ
877 1369 1125 1459 τετράπλευρον

107 1481 190 1544 ἔστω
223 1475 260 1544 τὸ
284 1482 434 1544 ΑΒΓΔ·
471 1479 575 1563 λέγω,
606 1474 658 1544 ὅτι
690 1478 728 1542 αί
758 1459 965 1543 ἀπεναντίον
1002 1480 1125 1562 γωνίαι
1154 1518 1158 1523 ·

107 1584 207 1650 δυσὶν
231 1581 353 1670 ὀρθαῖς
376 1591 445 1650 ίσαι
465 1587 561 1651 είσίν.

170 1686 443 1776 Ἐπεζεύχθωσαν
467 1691 504 1754 αλ
525 1694 600 1773 ΑΓ,
624 1695 701 1755 ΒΔ.

170 1792 259 1862 Ἐπεὶ
283 1786 346 1862 οὖν
370 1793 495 1874 παντὸς
516 1794 686 1881 τριγώνου
710 1796 746 1860 αλ
765 1806 854 1885 τρεῖς
876 1797 998 1877 γωνίαι
1023 1793 1123 1860 δνσὶν

53 1917 86 1966 15
106 1899 226 1988 ὀρθαῖς
255 1910 324 1968 ίσαι
353 1905 456 1985 είσίν,
489 1905 550 1968 τοῦ
573 1907 676 1968 ΑΒΓ
694 1898 761 1987 ἄρα
782 1897 952 1986 τριγιύνον
976 1901 1014 1965 αἱ
1035 1912 1123 1988 τρεῖς

105 2013 226 2092 γωνίαι
251 2010 288 2073 αλ
308 2003 374 2074 ὑπὸ
398 2011 503 2091 ΓΑΒ,
527 2011 637 2091 ΑΒΓ,
660 2011 755 2073 ΒΓΑ
779 2003 879 2071 δυσὶν
903 2000 1026 2091 ὀρθαῖς
1052 2012 1124 2073 ίσαι

106 2116 201 2180 είσίν.
225 2120 280 2198 ῖση
305 2111 343 2179 δὲ
366 2108 386 2196 ἡ
411 2110 472 2197 μὲν
495 2108 561 2178 ὑπὸ
586 2117 680 2178 ΓΑΒ
703 2114 742 2199 τῇ
765 2107 831 2177 ὑπὸ
851 2114 971 2177 ΒΔΓ·
995 2111 1034 2178 ἐν
1057 2109 1123 2200 γὰρ

105 2222 150 2309 τῷ
181 2219 270 2308 αύτῷ
301 2217 448 2304 τμήματί
473 2222 537 2284 είσι
562 2221 608 2307 τῷ
633 2223 789 2285 ΒΑΔΓ·
826 2213 847 2302 ἡ
872 2215 910 2284 δὲ
931 2213 998 2284 ὑπὸ
1024 2223 1122 2285 ΑΓΒ

104 2326 144 2411 τῇ
158 2319 224 2390 ὑπὸ
241 2331 311 2389 ΑΔ
317 2330 359 2389 Β’
375 2326 411 2390 ἐν
425 2322 490 2410 γὰρ
505 2328 551 2415 τῷ
566 2320 656 2414 αύτῷ
671 2321 818 2409 τμήματί
829 2327 894 2390 είσι
907 2326 954 2414 τῷ
970 2329 1121 2391 ΑΔΓΒ·

52 2446 86 2494 20
106 2426 167 2515 ὅλη
192 2426 257 2517 ἄρα
280 2424 301 2513 ἡ
321 2425 386 2495 ὑπὸ
402 2436 591 2508 ΑΔΓταῖς
609 2426 675 2496 ὑπὸ
691 2434 801 2514 ΒΑΓ,
825 2434 923 2496 ΑΓΒ
945 2435 1002 2515 ίση
1023 2430 1122 2497 ἐστίν.

103 2534 201 2621 κοινὴ
230 2540 443 2623 προσκείσθω
472 2532 491 2621 ἡ
520 2532 586 2602 ὑπὸ
611 2541 725 2603 ΑΒΓ·
763 2537 801 2602 αλ
826 2532 892 2623 ἄρα
920 2529 986 2601 ὑπὸ
1011 2541 1123 2620 ΑΒΓ,

105 2648 214 2727 ΒΑΓ,
240 2647 337 2710 ΑΓΒ
360 2655 432 2721 ταῖς
456 2640 520 2709 ὑπὸ
546 2648 656 2726 ΑΒΓ,
682 2647 789 2707 ΑΔΓ
808 2649 878 2708 ῖσαι
902 2644 998 2708 είσίν.
1045 2637 1120 2708 ἄλλ’

105 2751 142 2813 αί
162 2745 228 2815 ὑπὸ
254 2759 284 2816 Α
291 2756 367 2834 ΒΓ,
396 2755 511 2834 ΒΑΓ,
542 2754 640 2816 ΑΓΒ
664 2748 763 2815 δυσὶν
786 2745 909 2834 ὀρθαῖς
932 2754 1002 2814 ῖσαι
1026 2750 1124 2815 εἰσίν.

104 2855 159 2920 καὶ
184 2857 221 2920 αί
241 2851 306 2921 ὑπὸ
324 2861 433 2940 ΑΒΓ,
458 2860 565 2921 ΑΔΓ
577 2852 642 2940 ύρα
667 2853 766 2921 δυσὶν
790 2851 912 2941 ὀρθαῖς
934 2859 1005 2920 ίσαι
1025 2857 1123 2922 είσίν.

175 3047 259 3101 XXII.
279 3047 394 3102 Boetius
412 3067 440 3117 p.
455 3055 516 3117 388,
527 3054 561 3102 3?

175 3234 200 3281 3.
219 3223 325 3350 fikom.
344 3245 371 3294 p.
462 3227 554 3293 ΒΖΔ]
574 3241 643 3280 corr.
663 3241 697 3278 ex
717 3227 798 3277 ΓΖΔ
817 3223 933 3278 m.lV.
1025 3221 1122 3296 Mt]

103 3299 140 3351 αῖ
154 3296 224 3353 εἰσιν
269 3341 275 3353 ,
331 3291 421 3367 αύτῷ]
442 3313 495 3351 om.
516 3296 550 3361 B;
570 3312 722 3363 suprascr.
742 3313 778 3349 m.
798 3311 852 3349 reo.
914 3301 938 3350 6.
959 3291 1045 3367 εἰσίν]
1065 3312 1122 3351 om.

103 3367 133 3420 B.
191 3375 214 3423 7.
235 3364 286 3422 κδ’
307 3367 337 3436 F,
357 3384 425 3423 eras.
481 3374 506 3421 8.
525 3362 705 3420 ύτενανιίων
723 3364 755 3434 Ρ,
775 3366 824 3421 sed
844 3383 913 3420 corr.
983 3370 1027 3422 11.
1044 3368 1120 3422 Ante

102 3441 205 3505 γωνίαι
223 3439 287 3492 add.
307 3434 397 3492 αύτού
416 3438 469 3491 BV
495 3438 597 3506 ‚Pm.
617 3454 671 3491 rec.
781 3443 823 3491 13.
842 3440 903 3503 ΑΓ,
922 3435 987 3507 ΒΔ]
1008 3435 1067 3493 litt.
1089 3440 1121 3506 Γ,

89 3511 183 3561 Me
203 3525 273 3565 cort.
294 3510 325 3565 Γ.
408 3515 451 3564 14.
473 3456 538 3566 ὀπεὶ
557 3500 625 3579 obv}
641 3506 693 3562 καὶ
711 3502 775 3561 ἐκεῖ
790 3526 820 3575 ρ.
889 3511 935 3559 λθ.
952 3504 1009 3559 de(
1024 3508 1086 3577 Vp.
