2356 3818
96 153 160 219 156
473 154 676 208 ενοιευιον
694 149 732 226 μ’.

94 300 172 384 ἔχον
203 276 278 382 τὴν
293 293 360 364 ὑπὸ
384 301 496 382 ΒΑΓ,
528 295 584 364 καὶ
612 294 709 384 ἤχθω
737 293 803 364 ἀπὸ
833 299 894 363 τοῦ
917 301 946 362 Β
970 298 1116 380 σημείου

94 401 148 470 έπλ
169 400 232 488 τὴν
259 406 320 469 ΓΛ
347 404 570 489 ἐκβληθεῖσαν
599 400 744 482 κάθετος
766 397 787 488 ἡ
810 407 887 469 ΒΔ.
932 401 1035 487 λέγω,
1059 398 1116 468 ὅτι

92 507 132 576 τὸ
156 505 222 576 ἀπὸ
246 511 305 595 τῆς
328 514 394 576 ΒΓ
411 507 622 597 τετράγωνον
646 507 760 595 μεῖζόν
783 509 851 575 ἐστι
869 511 938 576 τών
957 505 1023 575 ἀπὸ
1042 511 1114 576 τών

94 622 176 702 BA,
199 621 269 683 ΑΓ
281 613 500 704 τετραγώνων
523 617 569 708 τῳ
594 613 646 694 θὶς
659 610 726 682 ὑπὸ
745 617 814 682 τών
832 619 907 700 ΓΑ,
931 621 1003 681 ΛΔ
1020 638 1114 703 περι-

59 721 242 812 οεχομένῳ
266 719 476 813 ὀρθογωνίῳ.

159 823 249 895 Ἐπεὶ
272 825 336 916 γὰρ
360 823 478 896 εόθεία
500 823 521 914 ἡ
546 832 608 895 ΓΔ
625 827 790 913 τέτμηται,
814 822 860 907 ώς
878 830 1004 915 ἔτυχεν,
1026 825 1112 894 κατὰ

42 1002 57 1023 ι,
94 930 133 1001 τό
164 942 194 1001 Α
221 946 375 1020 σημεῖον,
406 931 445 1002 τὸ
475 932 541 1022 ἀρα
568 931 634 1000 ἀπό
662 935 720 1020 τῆς
748 937 819 1000 ΔΓ
842 941 918 1000 ἴσον
945 933 1015 1000 ἐστὶ
1042 946 1114 1013 τοῖς

94 1036 161 1107 ἀπὸ
185 1043 254 1107 τών
277 1043 352 1124 ΓΑ,
385 1047 457 1106 ΑΔ
478 1039 699 1126 τετραγώνοις
725 1039 782 1106 καὶ
808 1042 854 1131 τῷ
879 1039 930 1119 θὶς
952 1037 1019 1108 ὑπὸ
1042 1042 1113 1107 τών

95 1150 172 1232 ΓΑ,
191 1153 262 1213 ΑΔ
280 1147 503 1237 περιεχομένῳ
523 1143 732 1236 ὀρθογωνίῳ.
759 1144 878 1214 κοινόν
897 1150 1113 1234 προσκείσθω

44 1273 77 1322 10
96 1250 135 1319 τὸ
160 1247 226 1318 ἀπὸ
249 1255 308 1338 τῆς
331 1257 416 1319 ΔΒ·
439 1249 479 1318 τά
504 1249 571 1338 ἀρα
593 1248 660 1319 ἀπὸ
683 1261 751 1319 τών
773 1257 851 1338 ΓΔ,
875 1258 942 1319 ΑΒ
961 1259 1019 1320 ίσα
1042 1253 1113 1321 ἐστὶ

95 1369 165 1436 τοϊς
191 1382 227 1424 τε
249 1352 315 1423 ἀπὸ
339 1360 407 1423 τῶν
430 1361 510 1441 ΓΛ,
538 1363 622 1443 ΑΛ,
653 1361 719 1423 ΑΒ
742 1355 964 1443 τετραγώνοις
985 1359 1043 1426 καὶ
1065 1362 1112 1451 τῷ

96 1461 148 1541 ὀλς
170 1459 236 1530 ὑπὸ
255 1465 324 1530 τών
338 1466 408 1548 ΓΑ,
431 1470 502 1529 ΑΔ
522 1463 757 1553 [περιεχομένῳ
777 1460 1003 1555 ὀρθογωνίῳ].
1026 1462 1113 1534 ἀλλά

95 1580 165 1648 τοῖς
188 1568 250 1654 μὲν
272 1567 338 1636 ἀπὸ
362 1570 431 1637 τών
449 1573 523 1655 ΓΔ,
547 1575 613 1635 ΔΒ
634 1577 710 1636 ἴσον
728 1568 798 1636 ἐστὶ
816 1567 853 1637 τὸ
873 1567 939 1638 ἀπὸ
957 1572 1016 1657 τῆς
1034 1576 1112 1639 ΓΒ·
1155 1638 1168 1657 ,

96 1671 185 1763 ὀρθὴ
208 1672 273 1761 γάρ
297 1671 317 1761 ἡ
340 1674 424 1764 πρὸς
446 1679 492 1765 τῳ
508 1683 541 1742 Δ
554 1678 680 1761 γωνία·
703 1689 773 1754 τοϊς
796 1675 833 1743 δέ
856 1673 921 1744 ἀπὸ
944 1677 1013 1745 τών
1035 1684 1111 1758 ΑΔ,

44 1801 77 1852 15
96 1788 164 1848 AB
193 1789 268 1849 ἴσον
298 1778 336 1848 τὸ
360 1777 426 1848 ἀπὸ
449 1784 508 1867 τῆς
530 1788 616 1848 ΑΒ·
657 1778 695 1848 τὸ
719 1779 786 1869 ἀρα
809 1778 875 1849 ἀπὸ
899 1783 957 1868 τῆς
979 1787 1041 1850 ΓΒ
1061 1806 1108 1849 τε·

95 1886 272 1975 τράγωνον
297 1894 373 1955 ίσον
396 1886 465 1955 ἐστὶ
488 1900 558 1966 τοϊς
580 1911 616 1954 τε
638 1884 704 1954 ἀπὸ
727 1889 796 1955 τών
819 1892 891 1974 ΓΑ,
914 1894 982 1954 ΑΒ
1000 1912 1112 1978 τετρα-

95 1993 219 2079 γώνοις
250 1993 307 2060 καὶ
337 1997 383 2086 τῷ
412 1992 465 2072 θὶς
491 1989 558 2060 ὑπὸ
585 1995 652 2060 τών
680 1998 756 2080 ΓΑ,
788 2001 859 2061 ΑΔ
889 1995 1114 2086 περιεχομένῳ

97 2097 316 2188 ὀρθογωνίῳ·
358 2096 442 2167 ώστε
469 2098 507 2166 τὸ
537 2095 602 2166 ἀπὸ
630 2101 689 2184 τῆς
716 2103 777 2166 ΓΒ
804 2098 1016 2188 τετράγωνον
1043 2104 1115 2168 τών

96 2201 162 2271 ἀπὸ
185 2207 253 2271 τών
267 2210 338 2291 ΓΛ,
361 2213 426 2273 ΑΒ
445 2203 664 2294 τετραγώνων
687 2203 800 2291 μεῖζόν
819 2207 889 2272 ἐστι
907 2209 953 2299 τῷ
974 2206 1027 2286 ὀλς
1045 2203 1114 2276 ὑπὸ

45 2332 79 2381 20
96 2312 164 2376 τών
187 2314 259 2395 ΓΑ,
283 2319 353 2378 ΑΔ
376 2312 598 2402 περιεχομένῳ
623 2309 833 2402 ὀρθογωνίῳ.

155 2414 212 2482 Ἐν
225 2414 292 2504 ἀρα
305 2430 376 2496 τοῖς
389 2416 637 2503 ἀμβλυγωνίοις
649 2418 827 2505 τριγώνοις
839 2415 878 2486 τό
892 2415 959 2486 ἀπὸ
977 2424 1037 2506 τῆς
1050 2420 1117 2508 τὴν

97 2519 259 2609 ἀμβλεῖαν
269 2528 397 2608 γωνίαν
408 2520 651 2610 ὑποτεινούσης
664 2528 809 2613 πλευρᾶς
822 2523 1035 2613 τετράγωνον
1045 2539 1116 2613 μεί-

99 2626 156 2710 ζόν
179 2630 248 2696 ἐστι
266 2638 334 2696 τών
358 2625 423 2696 ἀπὸ
446 2633 514 2696 τών
532 2627 595 2715 τὴν
614 2627 776 2716 ἀμβλεῖαν
795 2635 923 2716 γωνίαν
941 2655 1116 2719 περιεχου·

97 2738 169 2803 σών
201 2739 356 2824 πλευρών
387 2734 605 2823 τετραγώνων
633 2739 678 2826 τῳ
709 2737 932 2826 περιεχομένῳ
961 2736 1014 2815 ὀλς
1045 2734 1115 2805 ὑπό

44 2859 79 2910 25
97 2867 132 2908 τε
164 2844 241 2927 μιάς
267 2844 337 2909 τών
363 2842 439 2930 περὶ
465 2839 528 2928 τὴν
555 2839 718 2928 ἀμβλείαν
745 2847 889 2928 γωνίαν,
921 2838 974 2928 ἐφ’
1009 2837 1055 2927 ἣν
1089 2839 1112 2929 ἡ

96 2944 241 3025 κάθετος
268 2952 389 3033 πίπτει,
416 2948 471 3015 καὶ
495 2951 553 3034 τῆς
576 2945 897 3035 ἀπολαμβανομένης
925 2945 1018 3027 ἐκτὸς
1047 2944 1115 3016 ὑπὸ

97 3055 156 3138 τῆς
173 3054 320 3121 καθέτου
342 3052 426 3142 πρὸς
443 3058 483 3142 τῇ
503 3052 645 3145 ἀμβλείᾳ
663 3058 783 3143 γωνία·
807 3050 887 3141 ὅπερ
908 3057 976 3120 έόει
999 3055 1117 3135 δεῖξαι.

96 3197 310 3208 ι--ιι-ι--ι

170 3291 193 3338 1.
213 3280 278 3356 τήν]
297 3283 340 3338 bis
359 3284 389 3338 P.
464 3285 668 3351 ΒΑΓγωνίαν
687 3284 720 3339 V.
794 3289 817 3338 2.
839 3278 1011 3357 ἐκβληθεῖσα
1030 3301 1058 3353 p.

97 3360 122 3410 3.
143 3350 218 3410 ἐστιν
237 3355 271 3409 V.
344 3361 370 3409 4.
389 3355 457 3425 τῶν]
478 3371 531 3411 om.
552 3354 582 3407 Β.
656 3360 679 3408 6.
701 3354 779 3423 έτνχε
795 3354 853 3424 Vp.
927 3354 998 3424 ΔΓ]
1021 3355 1115 3410 MP

97 3426 127 3479 et
144 3424 170 3478 V
189 3443 226 3479 m.
242 3430 265 3481 1.
349 3430 373 3478 8.
393 3424 445 3496 τῷ]
465 3425 520 3497 τών
539 3425 572 3480 V.
647 3431 670 3479 9.
691 3419 868 3494 ὀρθογώνιον
887 3424 926 3491 V;
945 3441 1014 3480 corr.
1034 3433 1114 3482 m.2.

128 3501 171 3551 10.
192 3496 336 3566 ABJBA
352 3495 384 3549 F.
459 3492 533 3550 ἐστίν
552 3494 613 3549 FV.
688 3502 729 3550 11.
748 3492 946 3567 τετραγώνοις]
967 3512 1019 3551 om.
1041 3495 1101 3551 BF.
