2356 3818
101 172 145 238 60
478 173 679 226 ΣΤΟῙΧΕῙΩΝ
697 167 738 227 α’.

572 312 636 382 κε’.

165 435 253 505 Ἐὰν
291 436 362 505 δύο
400 443 578 527 τρίγωνα
615 436 682 518 τὰς
719 435 791 504 δύο
824 438 994 526 πλευρὰς
1028 438 1120 505 δυσὶ

101 552 291 633 πλευραῖς
324 551 411 624 ῖσας
440 549 505 633 ἔχῃ
539 545 728 632 ἑκατέραν
764 542 943 633 ἑκατέρῃ,
974 542 1045 629 τὴν
1078 542 1121 611 δὲ

101 650 222 737 βάσιν
240 654 309 736 τῆς
326 649 481 737 βάσεως
499 656 661 738 μείζονα
685 655 766 739 ἔχῃ,
793 649 858 717 καὶ
881 647 952 735 τὴν
970 656 1121 735 γωνίαν

67 759 170 843 ὁτῆς
192 762 341 842 γωνίας
364 762 525 843 μείζονα
548 758 627 838 ἕξει
650 753 721 844 τὴν
741 754 814 824 ὑπὸ
839 760 916 824 τῶν
942 764 1039 823 ἴσων
1058 754 1120 824 εὐ-

102 865 230 929 θειῶν
252 863 553 950 περιεχομένην.

160 965 269 1036 Ἔστω
294 967 357 1036 δύο
381 975 528 1056 τρίγωνα
549 968 588 1036 τὰ
610 973 719 1054 ΑΒΓ,
743 976 845 1036 ΔΒΖ
863 966 922 1048 τὰς
941 965 1004 1035 δύο
1024 974 1121 1035 πλευ-

103 1072 164 1161 ρὰς
193 1072 253 1154 τὰς
275 1081 357 1158 ΑΒ,
385 1079 453 1141 ΑΓ
478 1088 551 1154 ταῖς
579 1074 642 1142 δύο
666 1081 823 1160 πλευραῖς
845 1087 917 1154 ταῖς
942 1081 1024 1158 ΑΕ,
1055 1079 1121 1139 ΛΖ

104 1187 178 1260 ῖσας
207 1184 325 1267 ἔχοντα
349 1181 509 1268 ἑκατέραν
533 1181 686 1270 ἑκατέρῃ,
719 1178 781 1267 τὴν
804 1179 866 1266 μὲν
889 1187 954 1248 ΑΒ
977 1183 1017 1268 τῃ
1042 1185 1120 1263 ΔΕ,

52 1299 86 1348 10
104 1282 167 1370 τὴν
192 1283 228 1353 δὲ
251 1292 320 1354 ΑΓ
338 1289 379 1376 τῇ
403 1294 483 1354 ΔΖ·
515 1286 613 1373 βάσις
636 1286 673 1355 δὲ
696 1284 717 1374 ἡ
740 1292 807 1354 ΒΓ
825 1285 955 1373 βάσεως
976 1288 1034 1370 τῆς
1058 1289 1121 1350 ΕΖ

103 1395 224 1477 μείζων
248 1382 345 1460 ἔστω·
368 1393 466 1480 λέγω,
486 1391 537 1463 ὅτι
554 1394 610 1461 καλ
628 1397 735 1480 γωνία
754 1390 775 1479 ἡ
794 1389 859 1460 ὑπὸ
879 1397 984 1459 ΒΑΓ
997 1394 1122 1476 γωνίας

103 1499 162 1581 τῆς
185 1494 251 1565 ὑπὸ
276 1505 345 1565 ΕΑ
351 1505 379 1565 Ζ
401 1505 521 1586 μείζων
545 1503 648 1569 ἐστίν·

171 1607 216 1670 Ec
236 1601 300 1692 γὰρ
325 1603 390 1694 μή,
419 1604 495 1692 ἤτοι
519 1616 574 1693 ῖση
598 1606 690 1674 ἐστίν
712 1603 798 1694 αίτῃ
821 1601 842 1692 ἢ
868 1603 1033 1674 ἑλίσσων·
1066 1610 1121 1688 ίση

104 1706 165 1794 μὲν
197 1701 263 1777 ὀὖν
291 1709 353 1778 οὐκ
382 1716 472 1779 ἔστιν
499 1710 520 1798 ἡ
549 1710 615 1780 ὑπὸ
639 1717 745 1780 ΒΑΓ
763 1715 803 1800 τῇ
827 1707 894 1778 ὑπὸ
919 1716 1034 1776 ΕΔΖ·
1066 1716 1121 1793 ἴση

53 1830 85 1879 16
104 1811 168 1903 γὰρ
197 1811 241 1883 ἂν
268 1809 311 1902 ἦν
341 1817 397 1885 καὶ
425 1817 523 1904 βάσις
553 1816 574 1905 ἡ
598 1825 665 1886 ΒΓ
683 1817 780 1905 βάσει
802 1820 843 1905 τῇ
869 1823 942 1883 ΒΖ·
967 1813 1030 1882 οὐκ
1053 1819 1122 1882 ἔστι

106 1920 152 1989 δέ.
175 1918 237 1990 οὐκ
260 1921 325 2011 ἄρα
347 1930 402 2009 ίση
423 1924 492 1992 ἐστὶ
510 1930 618 2010 γωνία
636 1921 657 2013 ἡ
672 1921 737 1991 ὑπὸ
752 1926 905 2010 ΒΑΓτῃ
921 1918 987 1989 ὑπὸ
1003 1928 1121 1988 ΕΑΖ·

106 2024 188 2095 ουδὲ
219 2053 286 2114 μην
323 2028 475 2098 ἐλάσσων
512 2027 657 2098 ἐστὶν
640 2057 661 2116 η
702 2027 767 2097 ὑπὸ
805 2033 909 2095 ΒΑΓ
940 2030 1008 2113 τῆς
1045 2023 1121 2094 ὑπὸ

106 2138 221 2198 ΕΔΖ·
260 2133 412 2202 ἐλάσσων
439 2135 503 2225 γὰρ
531 2163 575 2205 αν
598 2163 642 2222 ην
665 2135 720 2203 καὶ
744 2132 881 2222 βάσις
864 2162 885 2221 η
908 2139 975 2201 ΒΓ
994 2130 1123 2218 βάσεως

106 2241 164 2323 τῆς
188 2244 265 2305 ΒΖ·
289 2238 351 2307 οὐκ
374 2245 444 2308 ἔστι
467 2244 518 2311 δέ·
542 2239 604 2311 οὐκ
632 2240 699 2331 ίίρα
724 2240 876 2309 ἐλάσσων
900 2234 1031 2306 ἐστίν’
1014 2263 1035 2323 η
1055 2220 1121 2302 ὑπο

53 2348 212 2411 2οΒΑΓ
234 2351 341 2429 γωνία
368 2351 427 2431 τῆς
453 2344 521 2414 ὑπὸ
551 2354 662 2414 ΕΔΖ.
713 2350 848 2433 ἐδείχθη
879 2340 977 2428 ὄέ,”
957 2368 1009 2410 οτι
1041 2338 1123 2409 οὐδὲ

50 2500 53 2505 -
107 2459 176 2537 ῖση·
199 2449 365 2536 μείζων”
342 2477 409 2538 αρα
432 2451 562 2521 ἐστίν’
545 2481 566 2540 η
589 2451 655 2521 ὑπὸ
684 2456 783 2521 ΒΑΓ
801 2455 860 2536 τῆς
882 2447 948 2518 ὑπὸ
972 2455 1042 2515 ΒΔ
1049 2455 1085 2515 Ζ.

171 2552 250 2624 Ἐὰν
271 2555 337 2646 ἄρα
356 2557 419 2626 δύο
438 2565 585 2648 τρίγωνα
603 2559 661 2639 τὰς
680 2556 744 2625 δύο
762 2554 908 2645 πλευρὰς
927 2554 1006 2623 δυσὶ
1026 2561 1122 2621 πλευ-

108 2676 182 2750 ραῖς
205 2672 279 2743 ίσας
297 2669 354 2753 ε”χῃ
373 2666 531 2754 ἑκατέραν
555 2663 705 2755 ἑκάτερᾳ,
727 2661 790 2751 τὴν
812 2662 850 2731 δὲ
868 2662 970 2749 βάσιν
987 2665 1046 2747 τῆς
1064 2657 1123 2745 βοί-

109 2788 191 2848 σεως
213 2774 347 2855 μείζονα
372 2776 438 2859 ἔχῃ,
460 2772 517 2838 καὶ
539 2768 601 2856 τὴν
620 2775 748 2856 γωνίαν
769 2773 828 2855 τῆς
846 2773 971 2855 γωνίας
989 2771 1123 2854 μείζονα

54 2889 88 2938 26
108 2875 174 2956 ἕξει
201 2873 263 2962 τὴν
290 2873 356 2943 ὑπὸ
385 2880 453 2944 τῶν
477 2885 561 2946 ῖσων
585 2873 730 2944 εὐθειῶν
754 2875 1007 2964 περιεχομένην·
1041 2870 1122 2959 ὅπερ

108 2984 176 3048 ἔδει
200 2982 313 3062 δεῖξαι.

179 3157 265 3212 XXV.
285 3158 398 3214 Boetius
417 3178 444 3229 p
459 3165 520 3229 382,
532 3167 574 3216 13.

181 3325 205 3374 2.
224 3316 287 3444 τίς]
307 3336 360 3374 om.
380 3320 502 3374 Proclus.
575 3317 656 3388 δυσί]
677 3314 731 3372 δύο
749 3317 877 3402 Ρεορλαε;
896 3321 959 3378 ταῖς
977 3316 1045 3369 δυσί
1059 3313 1093 3369 V.

109 3396 133 3445 3.
153 3385 257 3528 την]ὲὸ
277 3386 372 3460 βάσιν]
391 3409 427 3442 κα
430 3386 510 3457 ὶτὴν
530 3386 613 3462 βάσιν
630 3389 760 3454 Proclu83
789 3382 841 3456 τὴν
861 3358 944 3457 βάσιν
963 3384 1050 3440 ὃίλί.

92 3457 278 3580 ΐβῃχα
238 3477 292 3515 om.
312 3461 341 3513 P.
415 3465 474 3514 8.τ
475 3459 603 3522 αῐςὸυσὶ
621 3459 767 3547 πλευραῖς]
787 3475 840 3513 om.
860 3475 887 3526 p.
948 3457 1015 3509 δυσί
1031 3454 1086 3523 Bp.

184 3527 278 3600 πτερω
296 3524 487 3601 εκατεᾝρανρ
581 3536 624 3586 12
644 3529 693 3599 τῆς
712 3524 785 3600 vno}
800 3545 860 3596 mg.
876 3545 915 3580 m
928 3527 992 3580 Uo
1081 3531 1125 3578 14
