2356 3818
334 164 611 217 ELEMENTORUM
629 165 738 217 LIBER
755 167 804 218 111.
1031 164 1094 229 191

81 311 149 390 tur,
178 329 315 391 quarum
338 330 405 372 una
426 328 484 391 per
506 310 668 391 centrum,
697 313 823 374 ceterae
851 311 959 374 autem
981 312 1096 375 utcun-

82 434 144 496 que
177 414 291 480 ductae
327 416 417 496 sunt,
450 434 561 478 earum
588 416 764 498 rectarum,
802 411 885 499 quae
913 414 954 479 ad
981 437 1095 480 cauam

82 523 209 603 partem
233 519 375 585 ambitus
399 519 566 603 adcidunt,
589 522 733 585 maxima
754 524 815 605 est,
837 542 919 605 quae
941 542 1000 605 per
1023 542 1096 586 cen-

81 629 169 690 trum
193 626 289 692 ducta
312 629 370 710 est,
394 629 572 691 ceterarum
594 630 704 690 autem
726 626 874 710 proxima
892 647 1035 712 quaeque
1057 628 1096 712 ei,

81 754 164 817 quae
187 755 246 817 per
268 736 415 798 centrum
439 736 501 816 est,
523 732 698 798 remotiore
720 732 825 798 maior
847 736 911 818 est,
933 737 1095 798 rectarum

81 842 190 903 autem
214 839 254 904 ad
278 861 457 904 connexam
479 840 607 923 partem
631 839 773 904 ambitus
797 838 1015 912 adcidentium
1036 840 1095 903 mi-

79 945 168 1009 nima
201 948 264 1030 est,
297 967 379 1029 quae
407 945 492 1010 inter
519 948 675 1029 punctum
704 948 737 1010 et
764 935 968 1010 diametrum¹
986 945 1095 1029 posita

80 1054 143 1134 est,
176 1054 356 1117 ceterarum
384 1055 493 1116 autem
520 1051 669 1135 proxima
699 1072 845 1136 quaeque
868 1050 1022 1116 minimae
1044 1073 1094 1117 re-

79 1158 216 1222 motiore
239 1158 355 1243 minor,
386 1162 419 1222 et
442 1157 524 1222 duae
548 1158 636 1223 solae
660 1160 766 1222 rectae
789 1178 809 1220 a
831 1161 950 1241 puncto
974 1158 1030 1223 illo
1053 1158 1094 1223 ad

79 1264 234 1330 circulum
267 1263 415 1329 adcident
446 1264 481 1328 in
513 1266 651 1348 utraque
683 1267 777 1347 parte
790 1261 795 1277 '
809 1264 976 1348 minimae;
1009 1263 1095 1348 qucd

79 1379 148 1435 erat
171 1369 469 1436 demonstrandum.

558 1559 614 1625 IX.

148 1685 183 1750 Si
204 1687 293 1751 intra
316 1686 472 1752 circulum
494 1687 651 1770 punctum
674 1684 806 1767 aliquod
830 1685 977 1769 sumitur,
1000 1689 1033 1750 et
1051 1689 1094 1751 ab

80 1792 141 1856 hcc
155 1795 276 1877 puncto
291 1792 332 1858 ad
346 1792 501 1858 circulum
519 1791 631 1875 plures
646 1812 743 1874 quam
758 1790 840 1854 duae
854 1795 960 1856 rectae
976 1814 1093 1876 aequa-

79 1899 126 1963 les
151 1899 191 1962 ad
214 1899 369 1964 circulum
393 1897 558 1976 adcidunt,
581 1899 747 1980 sumptum
766 1899 921 1979 punctum
941 1899 1086 1962 centrum

312 2036 355 2095 A
612 2004 662 2065 est
685 2000 806 2065 circuli.
980 2011 985 2020 '

653 2103 702 2171 Sit
688 2106 1001 2191 tcirculusABRet
986 2109 1094 2175 tintra

611 2234 685 2277 eum
707 2217 866 2296 punctum
889 2219 932 2298 A,
960 2218 994 2279 et
1016 2237 1035 2280 a
1059 2221 1093 2281 A

512 2280 653 2382 Pad
674 2321 778 2383 ΑΒΓ
801 2318 955 2384 circulum
981 2322 1095 2406 plures

535 2442 558 2485 ,¹
612 2447 710 2510 quam
723 2424 806 2491 duae
819 2429 926 2492 rectae
942 2427 1096 2512 aequales

612 2530 767 2596 adcidant
796 2536 879 2616 AA,
907 2537 988 2617 AB,
1018 2534 1096 2599 ΛΓ.

614 2636 695 2722 dico,
717 2641 875 2720 punctum
890 2642 923 2701 A
946 2642 1092 2704 centrum

615 2763 685 2807 esse
708 2741 819 2807 circuli
840 2746 949 2809 ΑΒΓ.

657 2849 816 2913 ducantur
834 2849 922 2914 enim
939 2855 1016 2936 ΑΒ,
1029 2854 1101 2917 ΒΓ

612 2957 645 3018 et
663 2957 813 3019 secentur
830 2955 865 3018 in
884 2955 964 3022 duas
981 2961 1095 3042 partes

78 3059 228 3142 aequales
250 3059 285 3124 in
307 3063 436 3144 punctis
456 3066 494 3146 E,
518 3067 555 3144 Z,
579 3064 612 3125 et
635 3061 750 3126 ductae
770 3064 847 3144 EA,
871 3065 938 3128 ZA
956 3063 1094 3131 educan-

76 3168 130 3227 tur
153 3164 194 3228 ad
211 3168 333 3248 puncta
355 3170 403 3251 H,
427 3171 469 3253 K,
492 3172 529 3247 u,
553 3170 593 3232 A.

143 3273 208 3336 iam
235 3273 390 3356 quoniam
423 3280 492 3340 ΑΕ
504 3306 546 3327 =
561 3279 639 3358 ΕΒ,
672 3278 705 3338 et
731 3275 913 3340 communis
941 3277 992 3340 est
1014 3279 1096 3361 ΕΔ,
1151 3348 1154 3353 ,

76 3376 156 3441 duae
179 3380 286 3442 rectae
310 3384 387 3464 ΑΕ,
411 3384 480 3445 EA
499 3381 624 3445 duabus
644 3384 717 3464 ΒΕ,
741 3386 812 3446 EA
830 3380 982 3466 aequales
1006 3384 1097 3463 anna

75 3487 108 3549 et
131 3489 201 3549 ΛΑ
216 3513 257 3537 --
274 3489 349 3549 ΛΒ.
390 3485 499 3572 itaque
524 3491 664 3564 [ΑΕΔ
679 3518 725 3541 =
742 3485 1108 3567 ananan-&w
